3104 4758
200 245 240 310 12

198 415 357 493 refellere3
395 416 532 482 Weilins
562 435 637 503 vero
666 418 826 500 quomedo
856 417 1007 483 iudicium
1035 437 1127 482 suum
1150 417 1321 498 confirmet,

199 519 381 582 accuratius
411 517 584 583 videndum
613 525 669 583 est.
719 519 805 584 Dicit
813 519 846 604 ¹),
875 539 945 584 cum
969 521 1135 604 Lycurgus
1157 519 1222 583 iam
1246 523 1321 584 ante

200 620 333 685 crimina
356 619 539 704 exposuerit
559 627 591 685 et
605 622 693 704 leges
708 641 728 686 a
743 641 797 685 reo
813 621 950 686 violatas
966 621 1212 704 enumeraverit,
1240 620 1321 686 hane

200 722 377 787 orationem
394 721 474 786 nihil
489 740 561 787 esre
575 722 637 787 nisi
652 723 812 807 epilogum
829 723 968 807 Lycurgi
984 723 1121 788 orationi
1136 723 1320 788 adiunctum

199 844 303 908 neque
331 825 583 909 comparandam
612 843 684 890 esse
711 825 773 890 nisi
796 846 866 890 cum
889 826 1026 911 epilogis
1048 826 1183 892 aliarum
1207 827 1321 892 oratic-

199 946 289 1007 num,
322 925 479 1010 imprimis
508 946 580 992 enm
610 927 651 992 iis
681 928 835 1011 partibus,
863 929 979 1011 quibus
1008 935 1115 993 orator
1136 929 1248 995 relicta
1270 947 1322 994 ex-

200 1029 373 1115 plicatione
400 1049 504 1095 rerum
535 1036 566 1096 ct
589 1031 868 1114 argumentatione
890 1031 956 1096 iam
979 1033 1094 1097 transit
1116 1032 1158 1097 ad
1179 1031 1321 1098 iudicum

200 1132 325 1198 animos
347 1132 407 1196 sibi
430 1132 655 1215 conciliandos,
677 1133 864 1199 excitandos
887 1143 996 1200 contra
1018 1155 1115 1201 reum.
1159 1134 1219 1199 Hic
1241 1134 1321 1199 locis

200 1235 447 1301 Demosthenem
469 1235 636 1300 vocabulis
658 1236 701 1301 ad
730 1236 893 1319 vulgarem
917 1237 1168 1321 popularemque
1191 1255 1320 1302 sensnm

199 1337 463 1419 accommodatis,
494 1336 574 1401 lictis
597 1344 628 1401 et
652 1339 796 1403 formatis
820 1339 862 1402 ad
886 1359 1017 1403 causam
1042 1347 1245 1423 praesentem
1269 1339 1323 1422 uti,

200 1439 267 1503 alia
289 1458 446 1523 usurpare
468 1458 508 1503 ea
530 1439 770 1521 significatione,
793 1460 876 1522 quac
900 1441 979 1505 alibi
997 1443 1030 1505 in
1054 1441 1094 1505 iis
1116 1461 1179 1505 non
1194 1441 1323 1507 inesset.

200 1541 383 1608 Allernntur
423 1561 464 1606 ex
504 1541 631 1625 epilogo
672 1543 825 1607 orationis
867 1544 907 1608 de
949 1563 1066 1607 corona
1108 1542 1240 1608 habitae
1282 1563 1322 1608 ex

200 1642 423 1729 §§121-4o:
462 1642 684 1728 ἐλλεβορίζειν
714 1679 754 1690 -
784 1648 865 1733 βοᾷς
900 1637 1013 1729 ὥσπερ
1047 1643 1082 1727 ἐξ
1118 1635 1243 1731 ἁμάξης
1280 1681 1323 1691 -

199 1738 388 1832 πομπεύειν
421 1737 495 1811 άντὶ
522 1748 585 1812 τοῦ
609 1761 809 1832 κατηγορεῖν
833 1746 941 1813 εἵλετο
966 1787 1006 1795 -
1029 1744 1259 1833 σπερμολόγος
1281 1785 1322 1798 ν·-

91 1941 93 1944 Ι
198 1850 399 1934 περίτριμμα
428 1841 551 1933 άγορᾶς
572 1888 615 1894 -
644 1844 788 1934 ὄλεθρος
817 1847 1025 1934 γραμματεύς
1055 1888 1098 1897 —-
1128 1865 1199 1926 τοῖς
1220 1855 1322 1937 μεθη-

198 1964 345 2037 μερινοῖς
365 1944 482 2036 γάμοις
503 1952 722 2037 χρωμένη-
743 1949 806 2018 τόν
827 1949 933 2018 καλόν
957 1945 1140 2039 ἀνδριάντα
1162 1953 1321 2037 εξέθρεψε

275 2057 403 2139 -l'oi
434 2050 636 2120 Πύθωνι..
651 2054 855 2121 ,ποιῖλοῖι
838 2056 951 2140 ρέοντι
972 2047 1036 2140 οόχ
1057 2052 1259 2141 ὑπιχαιρησα
1280 2093 1322 2102 -

198 2150 497 2240 ὺποοκελίζειν-
520 2149 538 2221 b
555 2152 723 2236 βάσκανος
739 2146 839 2234 οὗτος
854 2151 1150 2242 ἰαμβειοφάγος-
1166 2148 1322 2223 οὐδέποτ’

199 2259 329 2344 ἐκνίψει
360 2251 457 2324 τάκεῑ
485 2259 704 2345 πεπραγμένα
737 2263 924 2346 οοιντῷμ-
947 2261 1047 2326 ΡιαΙο
1072 2260 1220 2343 inl'erius,
1250 2280 1320 2325 cnm

108 2401 110 2409 ι
199 2362 303 2427 denuo
327 2370 434 2427 orator
456 2363 487 2426 in
505 2361 695 2428 Aeschinem
720 2363 892 2428 invehitur:
915 2361 1058 2450 §rob
1034 2349 1062 2428 ru
1084 2359 1250 2448 κατάρατε
1266 2364 1323 2428 καὶ

198 2461 567 2550 γραμματοκύφων-
589 2469 682 2548 §242
705 2469 809 2531 τοῦτο
834 2467 868 2531 δὲ
892 2489 947 2530 και
970 2462 1066 2548 φύσει
1088 2466 1227 2542 κίναδος
1248 2457 1322 2532 τάν-

200 2560 357 2654 epotando
388 2567 538 2634 ἐστα-
566 2568 654 2633 ibid:
684 2559 927 2653 αυτοτραγικός
953 2569 1111 2654 πίθηκος,
1142 2559 1322 2654 άρονραῑος

203 2663 379 2756 Οἰνόμαος,
403 2666 599 2758 παράσημος
621 2663 742 2758 ῥήτωρ.

285 2775 460 2839 Praeterea
482 2773 619 2839 Weilins
648 2780 814 2840 enumerat
837 2773 1067 2838 translationes
1087 2773 1260 2838 nonnullas
1282 2792 1322 2838 ex

165 2899 171 2913 ·
201 2875 312 2941 eodem
344 2876 470 2961 epilogo
500 2883 659 2960 sumptas:
697 2876 800 2940 Home
836 2876 974 2958 venalis,
1007 2875 1062 2957 qui
1093 2874 1322 2959 rempublicam

198 2978 370 3061 gubernat,
406 2984 610 3063 comparatur
640 2998 711 3043 cnm
741 2979 889 3043 examine
919 2979 1066 3044 trutinae.
1119 2978 1219 3043 Paulo
1249 2984 1323 3062 post
1394 2991 1397 2996 ·

199 3080 431 3148 Demosthenes
468 3081 633 3166 praesidia
670 3083 743 3160 illa,
780 3081 896 3163 quibus
926 3081 1035 3146 urbem
1073 3080 1323 3164 circumdederit,

199 3190 298 3269 negat
327 3204 398 3250 esse
428 3183 556 3249 moenia
584 3203 625 3249 ex
655 3183 818 3268 lapidibus
847 3185 948 3267 lacta,
980 3202 1052 3248 esse
1082 3191 1194 3248 contra
1222 3200 1323 3264 arma,

200 3287 329 3371 oppida,
357 3293 476 3371 portus,
499 3305 607 3365 naves,
637 3285 752 3352 socios:
786 3285 910 3351 amari
932 3304 967 3350 se
990 3285 1099 3351 urbem
1123 3285 1255 3350 Euboea
1277 3285 1322 3348 in-

203 3391 283 3472 sula,
306 3410 326 3454 a
350 3393 436 3454 terra
459 3387 704 3454 circumdedisse
719 3387 867 3454 Boeotiis.
912 3388 1013 3453 Paulo
1028 3387 1173 3454 inferius:
1196 3385 1323 3455 Aeschi-

203 3511 276 3558 nem
309 3511 349 3557 ex
378 3492 473 3575 longo
504 3491 631 3555 silentio
661 3496 875 3574 emergentem
906 3497 937 3556 et
967 3490 1059 3556 clade
1081 3490 1209 3574 publica
1233 3491 1323 3556 iacta

200 3595 306 3660 denuo
335 3594 366 3657 in
394 3593 462 3658 foro
493 3593 650 3660 dicentem
681 3612 752 3659 esse
783 3594 875 3675 quasi
904 3600 1034 3657 ventum
1064 3598 1136 3676 post
1165 3611 1321 3657 summam

200 3696 465 3779 tranquillitatem
495 3695 699 3761 exorientem.
751 3695 839 3761 citat
871 3700 1040 3780 praetcrea
1072 3693 1206 3760 Weilins
1239 3693 1322 3759 hunc

199 3799 321 3864 locum:
344 3797 381 3863 ἐν
396 3793 532 3874 τούτοις
548 3794 891 3884 λαμπροφωνότατος,
913 3793 1221 3885 μνημονικώτατος,
1236 3786 1321 3863 dno-

201 3895 313 3989 κριτὴς
343 3895 491 3986 άριστος,
527 3897 684 3986 τραγικός
716 3902 897 3988 θεοκρὶνης
929 3901 1064 3986 (XVlll,
1081 3901 1170 3985 313),
1206 3900 1322 3966 multos

202 4004 340 4087 denique
370 4003 465 4084 alios,
487 4003 660 4089 praecipue
690 4009 797 4069 autem
828 4003 915 4068 illurn
947 3999 1073 4068 ἔδακεν
1095 3997 1114 4068 ό
1137 3995 1323 4089 παρελθών

289 4228 315 4294 1)
332 4225 350 4279 l.
362 4242 385 4280 c.
403 4242 430 4295 p.
447 4231 523 4297 llsq.
