3104 4758
1263 243 1356 306 19-

267 411 387 478 Multae
408 410 515 476 insunt
538 413 569 476 in
586 411 730 478 oratione
746 412 932 491 sententiae,
955 403 1082 494 quaesi
1099 433 1160 476 non
1178 413 1302 498 iisdem,

179 521 287 580 tamen
311 515 469 579 similibus
498 514 603 578 verbis
633 535 806 598 expressae
833 515 865 578 in
888 516 962 580 aliis
984 515 1210 582 Demosthenis
1233 536 1302 580 ora-

180 615 320 680 tionibus
342 616 553 681 inveniuntur.
605 614 694 693 Quas
720 637 791 682 oum
822 637 932 682 omues
963 618 1028 681 lere
1056 617 1178 700 priores
1201 617 1301 682 critici

180 719 266 784 furta
282 738 321 782 ox
338 738 413 783 vero
425 718 662 783 Demothonicis
679 719 877 782 orationibus
893 739 964 783 csse
980 729 1152 800 censerent,
1167 719 1302 784 Weilius

179 823 252 905 ipsa
274 840 315 886 ea
335 841 370 886 rc
386 820 631 888 Demosthenem
657 827 817 888 auctorem
842 822 998 886 orationis
1021 841 1093 886 csse
1115 823 1303 886 confirmare

180 923 249 988 vult
260 923 292 1007 ¹).
336 926 441 1005 Atque
464 922 497 986 id
520 922 646 1005 quidem
665 923 780 988 Weilio
802 923 1039 988 concedendum
1056 929 1104 988 est
1120 923 1300 988 Dobraeum

181 1025 214 1089 in
239 1025 355 1090 haere
378 1025 535 1090 interdum
560 1025 687 1090 modum
711 1026 895 1108 transiisse,
918 1025 985 1090 lieri
1007 1027 1090 1090 enim
1113 1033 1247 1109 poterat,
1270 1033 1304 1089 ut

181 1126 412 1202 Demosthenes
440 1127 525 1208 quod
548 1128 580 1190 in
603 1127 670 1192 alia
692 1127 837 1192 oratione
861 1128 1003 1208 dixerat,
1037 1127 1069 1191 in
1093 1127 1166 1191 aliis
1189 1128 1302 1192 iisdem
1387 1141 1389 1145 ·

180 1227 246 1294 lere
270 1229 374 1295 verbis
404 1236 568 1314 repeteret.
620 1229 684 1294 Sed
712 1249 752 1294 ex
782 1229 841 1293 hac
863 1249 896 1293 re
920 1250 983 1293 uon
1006 1236 1091 1294 recte
1114 1229 1219 1312 colligi
1243 1230 1303 1294 De-

182 1330 414 1395 mosthenicum
438 1350 508 1395 esso
532 1329 613 1394 bano
639 1333 833 1413 orationem,
865 1338 999 1416 apparet
1030 1351 1070 1396 ex
1100 1325 1304 1410 orationibus,

185 1452 267 1516 quas
291 1452 310 1495 a
333 1433 538 1498 falsariorum
563 1434 711 1498 manibus
735 1434 894 1517 prolectas
917 1453 987 1498 csse
1010 1434 1091 1498 inter
1111 1454 1221 1498 omnes
1236 1453 1306 1498 con-

180 1542 260 1618 stat,
291 1544 326 1599 ut
348 1556 388 1600 ex
413 1535 592 1620 Philippica
617 1536 669 1600 lV.
685 1535 766 1620 (X),
789 1555 828 1599 ex
852 1537 995 1599 oratione
1018 1536 1094 1622 περὶ
1117 1532 1304 1617 συντάξεως

181 1637 309 1723 (ΧΙΙΙ.),
332 1638 363 1702 in
387 1637 502 1720 quibus
525 1637 700 1722 permultas
723 1637 902 1702 sententias
923 1658 963 1702 ex
987 1637 1213 1702 Demosthenis
1236 1659 1305 1702 ora·
1381 1622 1383 1632 ¹

181 1740 320 1805 tionibus
344 1740 551 1826 depromptas
574 1741 763 1805 inrcuinrus.
807 1739 961 1804 Nonnulli
982 1759 1056 1804 vero
1074 1741 1135 1806 loci
1150 1741 1304 1805 orationis

181 1843 433 1924 Aristogitoniae
464 1843 533 1908 sinc
562 1842 659 1907 dubio
684 1842 878 1907 imitationes
902 1843 1007 1906 studio
1032 1845 1199 1924 quaesitae
1223 1854 1305 1909 sunt.

183 1945 359 2030 Comparat
380 1945 516 2010 Weilius
539 1965 608 2009 cum
626 1945 721 2010 Arist.
744 1948 784 2027 ξς
800 1948 839 2007 ab
849 1966 918 2027 sqq.
962 1946 1126 2009 hlidiauae
1149 1948 1304 2010 orationis

181 2051 221 2130 ξς
237 2051 298 2111 223
308 2068 388 2131 sqq:
420 2059 553 2130 utroque
582 2047 651 2112 loco
679 2047 891 2112 admiratione
914 2047 1010 2130 digno
1034 2048 1230 2132 reipublicae
1254 2069 1305 2112 sa-

181 2150 279 2216 lutem
303 2152 442 2234 positam
474 2169 545 2214 esse
573 2151 603 2214 in
632 2149 756 2232 legibus
784 2149 879 2213 simili
903 2150 998 2214 modo
1022 2151 1176 2234 explicari
1201 2171 1305 2216 exem·

181 2253 307 2338 piisque
330 2252 491 2318 illustrari.
537 2253 599 2318 Sed
624 2272 695 2317 mea
718 2253 845 2335 quidem
871 2254 1030 2318 sententia
1051 2253 1137 2317 nullo
1154 2253 1217 2317 alio
1233 2253 1303 2318 loco

182 2357 309 2421 facilius
346 2357 541 2420 imitatorem
583 2352 807 2421 Demosthenis
850 2355 1090 2439 deprehendere
1128 2377 1305 2440 possumus.

182 2457 345 2536 Quantum
370 2459 494 2523 intersit
517 2459 598 2524 inter
621 2459 679 2523 hos
701 2459 800 2535 locos,
823 2460 887 2522 iam
912 2462 1046 2544 supral)
1068 2458 1307 2524 demonstrasse

182 2560 261 2626 mihi
284 2561 402 2628 videor.
448 2561 620 2626 Praeterea
635 2567 740 2626 autem
758 2561 1007 2643 Aristogitoniae
1023 2562 1177 2625 orationis
1193 2569 1305 2626 auctor

182 2684 246 2727 non
269 2662 447 2728 satishebet
470 2663 647 2729 ostendisse
670 2664 775 2746 legum
800 2663 991 2727 auctoritate
1014 2652 1178 2727 contiones
1194 2665 1303 2749 populi

184 2776 216 2834 et
235 2766 357 2832 iudicia
373 2765 448 2841 lieri,
471 2767 678 2849 magistratus
693 2766 805 2847 creari,
829 2766 998 2831 sedetiam
1014 2766 1126 2850 inepta
1142 2766 1199 2830 illa
1215 2766 1305 2830 addit

183 2869 349 2953 exempla:
382 2869 486 2952 legum
519 2868 708 2933 anctoritate
738 2867 822 2949 lieri,
853 2873 887 2931 ut
917 2867 1062 2932 infirmae
1090 2868 1167 2931 illae
1191 2887 1306 2952 saepes

184 2972 311 3038 senatui
341 2971 586 3055 quingentorum
619 2971 781 3054 praesidio
812 2971 892 3052 sint;
921 2978 955 3034 ut
985 2971 1052 3035 solo
1082 2971 1157 3035 luno
1188 2990 1306 3052 omnes,

184 3076 300 3159 quibus
330 3095 392 3138 non
425 3081 568 3159 potestas
598 3082 700 3156 esset,
730 3067 834 3138 στοὰν
856 3074 1026 3153 βασίλειον
1054 3075 1173 3138 intrare
1203 3073 1306 3157 prohi-

184 3177 336 3258 beantur,
367 3177 399 3240 in
430 3195 527 3258 quam
551 3178 740 3259 areopagus
762 3176 945 3260 conveniam
968 3181 1019 3256 nt,
1049 3177 1075 3239 si
1098 3176 1306 3258 magistratus

183 3281 312 3345 iusserit
334 3275 534 3365 „pardorqrs
558 3275 653 3358 dgm‘ss
677 3280 814 3362 populns
837 3287 959 3361 porcat.
1002 3276 1125 3355 Quibus
1145 3281 1185 3343 de
1201 3280 1307 3344 verbis

185 3383 261 3465 quid
285 3383 431 3464 iudicem,
454 3383 538 3446 inira
561 3381 705 3464 afferam,
727 3400 798 3444 cum
821 3381 861 3446 de
884 3387 1014 3446 arrctore
1034 3383 1188 3446 orationis
1208 3383 1306 3446 verba

186 3485 346 3569 saoiam³h

272 3589 319 3652 llx
354 3607 471 3670 magno
500 3606 631 3651 numero
663 3585 774 3650 talium
805 3586 963 3668 locorum,
993 3607 1072 3668 quos
1104 3586 1307 3670 Dohraeust)

185 3697 362 3772 emunerat,
384 3688 790 3768 satishabcbononnullos,
813 3689 866 3770 qni
890 3689 973 3752 inter
995 3710 1029 3754 se
1052 3690 1204 3753 simillimi
1226 3698 1308 3771 sunt,

184 3794 347 3858 attulisse:
380 3801 460 3857 orat.
490 3791 564 3855 hlid.
593 3795 634 3871 ἓξ
652 3794 719 3854 tot.
745 3793 804 3852 184
827 3799 859 3855 et
882 3791 979 3854 Arist.
1001 3791 1076 3877 §22
1105 3794 1243 3856 societas
1267 3791 1307 3854 ci-

273 3965 299 4028 l)
316 3978 343 4031 p.
359 3967 397 4016 14.
418 3967 456 4015 15.

272 4051 300 4114 2)
318 4062 344 4115 p.
361 4053 399 4103 ta.

271 4137 302 4202 3)
318 4150 346 4202 p.
359 4138 400 4188 36.

270 4222 300 4288 t)
318 4217 491 4274 Adversaris
509 4235 535 4288 p.
550 4223 608 4273 485.
