3104 4758
259 251 299 312 32

197 447 200 454 ·
259 419 369 504 potuit,
395 426 429 484 ut
451 427 557 485 orator
579 419 650 483 illos
673 418 854 500 offenderet,
878 440 947 485 cum
971 420 1129 486 hominem
1151 421 1382 504 nequissimum

258 523 439 588 accusabat.
491 525 537 587 Ae
567 523 593 585 si
624 523 706 586 inter
731 521 853 587 iudices
881 523 1029 612 luissent,
1062 527 1115 605 qui
1140 526 1264 589 aerario
1287 527 1381 590 debe-

258 633 336 705 rent,
359 627 499 689 maxime
522 626 562 688 iis
585 625 761 688 cavendum
783 625 902 702 suisset,
926 645 965 690 ne
982 625 1197 708 Aristogitone
1212 627 1381 692 liberando

258 729 469 811 suspicionem
493 728 535 791 ad
560 728 647 812 ipsos
669 734 897 792 converterent.
942 728 1023 792 Illud
1048 749 1132 809 vcro,
1157 729 1241 811 quod
1263 730 1383 795 dicitur

258 830 299 894 de
328 833 452 894 ratione
483 830 670 896 concordiae
700 831 816 894 civium
849 832 1090 896 conservandae
1112 851 1132 894 a
1155 833 1383 898 Demosthenis

258 933 399 997 muribus
422 933 549 997 omnino
573 931 731 998 abhorret.

341 1036 446 1103 Aliam
472 1041 639 1121 praetcrea
662 1035 797 1100 Wcilius
820 1044 911 1120 putat
934 1037 1113 1121 opinionem
1138 1045 1380 1121 praesumptam

258 1140 374 1203 oratori
404 1138 629 1203 removendam
661 1137 771 1217 fuisse,
810 1159 873 1220 qna
902 1138 941 1202 de
972 1159 1005 1203 re
1036 1139 1115 1204 baec
1142 1147 1190 1205 cst
1213 1140 1271 1204 viri
1294 1141 1379 1205 docti

257 1241 498 1324 argumentatio.
550 1241 629 1305 Cum
654 1241 788 1306 Athenis
819 1241 968 1305 iudicium
994 1242 1058 1306 lieri
1082 1261 1144 1306 uon
1167 1249 1288 1327 posset,
1316 1244 1378 1307 uisi

257 1345 329 1426 quis
360 1350 530 1408 accusator
560 1345 739 1416 exsisteret,
774 1345 883 1426 magui
907 1347 1057 1409 momenti
1082 1346 1150 1426 fuit,
1183 1345 1267 1427 quod
1291 1366 1382 1429 syco-

257 1446 398 1530 phantae
421 1447 475 1511 illo
500 1467 629 1512 munere
652 1447 874 1530 fungebantur.
918 1445 987 1524 Quo
1004 1467 1132 1512 munere
1148 1448 1275 1533 plurimi
1292 1449 1386 1513 cives

257 1549 475 1634 abstinebant,
506 1551 589 1631 quud
617 1550 739 1632 aliquid
763 1549 905 1613 invidiae
930 1550 1081 1614 babebat:
1118 1551 1323 1632 quamohrem
1350 1551 1384 1615 iu

257 1652 404 1715 omuibus
441 1653 506 1718 fere
548 1653 757 1730 orationibus,
802 1673 886 1734 quae
928 1661 1001 1717 suut
1038 1651 1168 1718 habitae
1204 1653 1236 1716 in
1274 1655 1386 1718 causis

257 1754 404 1837 publicis,
438 1763 582 1819 oratores
611 1755 701 1819 initio
729 1755 952 1837 ostendebant,
986 1755 1100 1837 quibus
1130 1755 1253 1820 iniuriis
1276 1755 1339 1819 sihi
1364 1776 1387 1820 a

256 1858 320 1922 reis
342 1857 449 1921 allatis
472 1858 651 1940 quibusque
674 1859 780 1922 causis
803 1858 932 1922 adducti
956 1858 1165 1942 patrocinium
1188 1877 1308 1923 causae
1324 1879 1384 1942 pu·

258 1959 359 2025 blicae
381 1959 612 2044 suscepissent,
644 1980 684 2025 ne
711 1960 930 2043 sycophantae
952 1979 1023 2026 esse
1046 1960 1237 2026 riderentur.
1281 1961 1384 2045 Syco-

256 2061 399 2146 phantae
436 2072 557 2145 autem,
594 2063 742 2145 quamvis
779 2070 886 2128 essent
922 2063 1107 2147 contempti,
1148 2070 1268 2144 tamen,
1306 2082 1382 2128 curn

256 2165 470 2229 necessarium
506 2165 597 2247 qnasi
634 2173 740 2230 esseut
773 2166 904 2246 malurn,
942 2165 1087 2249 populari
1123 2167 1262 2247 quadam
1297 2165 1382 2231 fruc

257 2267 372 2331 bantur
407 2268 525 2349 gratia:
563 2287 681 2350 magna
718 2288 793 2352 pars
830 2269 940 2352 populi
977 2287 1032 2332 eos
1068 2275 1221 2352 patronos
1258 2287 1380 2333 causae

256 2369 403 2452 publicae
434 2369 654 2452 existimabat,
692 2372 744 2452 qui
776 2371 862 2435 cives
890 2370 1098 2435 defenderent
1120 2391 1140 2433 a
1163 2369 1376 2452 proditoribus

256 2481 288 2536 et
318 2472 498 2537 bominibus
528 2493 632 2538 rerum
664 2492 819 2538 nevarum
850 2473 982 2558 cupidis.
1034 2472 1117 2550 Quid
1146 2474 1283 2536 senserit
1313 2491 1376 2535 nun

256 2575 388 2640 minima
412 2596 487 2659 pars
510 2577 621 2660 populi
644 2576 685 2640 de
700 2575 915 2660 sycophantia,
938 2574 1194 2660 Theophrastum
1211 2574 1381 2639 ostendere

255 2685 349 2762 putat
364 2679 497 2744 Wcilius
520 2681 552 2743 iu
576 2699 613 2743 ec
629 2681 742 2763 capite,
765 2678 850 2761 quod
865 2678 1048 2743 inscribitur
1063 2668 1098 2760 „ri
1115 2672 1381 2763 pttoodvqpog‘s

257 2780 405 2846 Charact.
422 2781 548 2846 XXlX:
571 2783 626 2846 καὶ
649 2775 769 2859 εὔνους
792 2782 827 2846 δὲ
851 2776 935 2847 εἶναι
955 2773 1048 2866 αὐτῷ
1073 2833 1125 2845 ...
1152 2780 1206 2845 ἐπὶ
1223 2781 1381 2866 δικαστη-

255 2883 332 2966 plov
359 2884 563 2968 κρινομένῳ
591 2885 644 2948 καὶ
674 2881 759 2968 πρὸς
780 2880 861 2961 τούς
883 2879 1188 2968 παρακαθημένούς
1212 2883 1246 2947 δὲ
1270 2881 1381 2946 εἰπεῖν

256 2978 365 3062 δεινὸς
395 2980 440 3063 ὡς
471 2979 511 3052 ori
544 2988 594 3052 del
621 2980 683 3051 τὸν
714 2981 829 3072 ἄνδρα,
860 2979 944 3051 dltd
971 2982 1011 3050 τὸ
1034 2989 1169 3070 πρᾶγμα
1191 2985 1379 3070 κρίνεσθαι,

255 3088 311 3151 καὶ
342 3090 444 3174 φῆσαι
474 3081 581 3153 αὐτὸν
612 3085 699 3153 κύνα
728 3084 812 3154 εἶναι
845 3091 907 3154 τοῦ
942 3084 1060 3174 δήμου,
1098 3083 1281 3169 φυλάττειν
1314 3080 1379 3170 γὰρ

256 3181 361 3255 αὐτὸν
391 3189 471 3268 τούς
501 3184 710 3268 ἀδικοῦντας.
755 3192 876 3257 Eodem
909 3192 1002 3255 modo
1027 3191 1272 3274 Aristogitonem
1303 3209 1381 3270 que

256 3313 318 3375 que
342 3295 431 3359 multi
455 3296 541 3360 cives
562 3291 650 3360 adra
672 3297 734 3359 τοῦ
757 3290 863 3380 δήμου
877 3295 1044 3379 putabant.
1087 3294 1180 3358 Hanc
1195 3293 1379 3377 opinionem

255 3397 389 3462 Wcilius
411 3405 504 3481 putat
526 3400 643 3463 oratori
668 3398 842 3462 tollendam
868 3397 970 3463 luisse
993 3403 1091 3478 atquc
1114 3396 1147 3460 id
1168 3416 1292 3460 summa
1306 3400 1381 3460 arte

257 3500 300 3564 ab
333 3519 370 3564 eo
401 3502 547 3566 effectum
578 3521 656 3566 esse.
701 3500 779 3566 Cum
804 3501 941 3586 plurimi,
963 3498 1017 3582 qui
1040 3499 1086 3563 sic
1108 3499 1148 3563 de
1172 3496 1382 3582 sycophanlis

255 3603 417 3682 sentirent,
447 3603 479 3667 id
503 3605 651 3687 celarent,
681 3604 800 3668 oratori
824 3604 999 3669 cavendum
1024 3602 1131 3684 luisse,
1158 3621 1199 3666 ne
1220 3600 1380 3666 indicaret

255 3726 290 3771 se
305 3714 418 3790 putare
433 3707 531 3772 etiam
548 3707 669 3773 iudices
690 3727 730 3773 ea
746 3706 896 3792 opinione
911 3715 1023 3790 captos
1039 3725 1118 3770 esse.
1162 3702 1379 3781 Quamobrem

255 3811 302 3873 ita
331 3829 402 3874 eum
434 3830 500 3875 rem
529 3818 679 3890 tractare,
713 3817 747 3874 ut
774 3831 836 3873 non
859 3829 929 3873 cum
952 3808 1111 3874 iudicibus
1133 3807 1173 3872 de
1196 3826 1297 3890 prava
1318 3805 1379 3870 illa

255 3911 403 3995 opinione
427 3911 638 3994 colloquatur,
669 3913 726 3977 scd
749 3931 819 3976 cunr
846 3911 1022 3976 Philocrate
1045 3910 1182 3991 quodam
1206 3907 1381 3990 Eleusinio,

255 4015 481 4097 Aristogitonis
512 4015 605 4078 socio.
658 4015 718 4079 Cui
742 4013 880 4079 ostendit
902 4013 1070 4094 bominem,
1103 4013 1156 4094 qui
1180 4011 1380 4076 accusaverit

255 4119 486 4200 Hegemouem,
521 4118 711 4200 Demadem,
742 4115 944 4199 Agathonem
975 4135 1015 4180 ea
1044 4116 1115 4179 sola
1131 4107 1176 4180 'de
1199 4131 1309 4192 causa,
1344 4118 1380 4176 ut

255 4220 423 4306 pecuniam
458 4221 499 4284 ab
533 4221 573 4285 iis
605 4220 775 4305 acciperet,
813 4226 945 4304 accepta
974 4226 1082 4283 autem
1109 4218 1197 4284 litem
1227 4216 1380 4302 persequi
