3104 4758
269 247 307 314 ts

352 422 441 486 Haeo
474 413 601 486 etiamsi
636 444 655 486 a
687 413 753 486 viro
791 412 974 487 doctissimo
1004 430 1088 489 tecte
1118 416 1284 509 disputata
1314 441 1389 493 esse

266 524 492 600 concedamus,
524 541 719 605 quamquam
747 525 873 608 ’θηρίον
899 525 980 589 illud
1010 525 1064 610 (ξς
1080 528 1107 608 8,
1125 527 1245 611 3r‚59)
1275 549 1295 592 a
1326 530 1387 594 De-

266 627 430 690 mosthene
445 633 630 710 usurpatum
648 645 719 690 esse
735 626 810 690 mihi
827 629 1022 710 persuadere
1038 650 1100 692 non
1117 649 1254 712 possum,
1277 636 1387 697 tamen

266 730 324 793 hoo
350 730 444 792 modo
466 749 529 792 non
553 729 802 794 demonstratum
827 738 875 794 est
897 731 1054 795 nominem
1079 732 1177 796 alium
1202 753 1297 815 quam
1323 736 1388 800 De-

264 830 461 896 mosthenem
487 837 647 896 auctorem
671 831 825 895 orationis
847 852 917 896 esse
940 853 1041 916 posse.

349 935 385 996 ln
409 954 446 998 eo
469 953 595 1016 quoque
613 933 858 999 Demosthenem
876 937 1081 1002 descendisse
1107 957 1167 1015 ,au
1190 940 1309 1003 nircau
1329 941 1386 1004 des

265 1037 483 1120 intelligendos
513 1037 714 1120 populaires“
749 1037 884 1102 Weilius
915 1045 1018 1121 putat,
1054 1041 1139 1121 quod
1169 1041 1275 1105 multis
1306 1042 1387 1107 lonis

266 1141 450 1204 affectatam
475 1141 506 1203 in
531 1140 734 1204 nominandis
757 1139 826 1204 deis
854 1161 893 1205 ac
915 1161 1017 1224 paene
1041 1144 1295 1226 superstitiosam
1319 1147 1388 1228 pie·

265 1249 364 1306 tatem
389 1262 467 1325 prae
491 1261 525 1306 so
549 1242 653 1307 ferret.
698 1243 943 1324 Aristogitonem
968 1244 1127 1328 imprimis
1145 1245 1295 1310 conlisum
1312 1266 1385 1312 esse

263 1345 463 1426 indulgentia
496 1344 697 1408 humiliorum
728 1344 905 1420 hominum,
936 1346 989 1426 qni
1019 1347 1080 1429 ipsi
1112 1367 1239 1429 quoque
1268 1349 1385 1414 aerarii

264 1448 381 1512 luerint
403 1447 574 1528 debitores,
602 1447 659 1510 hos
682 1454 787 1512 autem
812 1446 911 1511 fuisse
934 1449 1107 1512 maximam
1132 1456 1255 1533 partem
1275 1471 1384 1515 eorum

265 1550 373 1631 quiin
398 1549 523 1612 iudiciis
547 1549 710 1630 adessent,
741 1549 856 1630 quihus
886 1551 911 1613 si
941 1556 1048 1614 orator
1079 1559 1112 1615 ut
1135 1554 1380 1635 Aristogitonem

263 1660 453 1716 accusarent
476 1653 670 1735 persuadere
687 1652 746 1714 sihi
763 1653 990 1735 proposuisset,
1013 1673 1120 1718 corum
1138 1655 1385 1736 cogitationibus

263 1756 439 1819 orationem
465 1755 709 1818 accommodare
732 1774 863 1818 necesse
887 1755 1028 1838 luisse1).

347 1859 388 1921 At
416 1858 487 1938 quis
517 1863 607 1940 putet
632 1857 875 1920 Demosthenem
908 1876 945 1920 eo
975 1859 1079 1940 magis
1107 1858 1231 1922 illorum
1256 1860 1386 1924 animos

262 1959 322 2024 sibi
353 1960 594 2024 conciliaturum
627 1980 712 2041 esse,
743 1960 827 2041 quod
860 1950 1042 2043 Εὐνομίαν,
1073 1963 1187 2046 Δικην,
1217 1957 1310 2027 Αἰδώ
1335 1963 1384 2024 in-

263 2071 355 2127 vocet
379 2071 409 2126 et
433 2063 598 2144 describat,
620 2062 880 2146 philosophorum
905 2070 1135 2146 poetarumque
1158 2064 1383 2146 potiusquam

261 2166 369 2248 populi
394 2166 495 2229 deas?
518 2165 589 2246 quis
612 2173 701 2248 putet
723 2165 899 2229 orationem
924 2186 961 2230 eo
985 2167 1164 2247 graviorem
1189 2166 1270 2246 fieri,
1297 2167 1381 2248 quod

259 2259 343 2350 Ἆρά,
366 2269 576 2352 Βλασφημία,
603 2263 753 2344 aeduos,
778 2260 915 2344 Στάσις,
938 2273 1060 2345 Νεῖκος
1084 2269 1310 2351 Aristogitonis
1332 2290 1382 2333 οο-

262 2373 354 2434 mites
377 2390 447 2434 esso
463 2371 633 2434 dicuntur?
656 2370 732 2451 quid
748 2370 885 2451 denique
901 2371 960 2434 sihi
979 2372 1046 2434 vult
1062 2371 1156 2436 illud:
1174 2363 1382 2456 Ἀδράστειαν

262 2465 446 2556 ἄνθρωπος
477 2466 525 2536 ὢν
554 2473 763 2558 προσκννοόἳ
808 2473 971 2554 Nusquam
1005 2475 1037 2536 in
1062 2473 1288 2538 Demosthenis
1314 2492 1381 2536 ora-

261 2567 415 2639 tionihus'
432 2577 515 2639 tales
545 2575 734 2638 invocantur
756 2576 854 2656 dei2).
897 2576 998 2638 Immo
1021 2595 1096 2640 vero
1120 2576 1244 2640 deridet
1268 2577 1383 2640 Demo-

261 2676 389 2742 sthenes
407 2677 605 2758 Aeschinem,
628 2679 680 2759 qui
704 2677 822 2740 talibus
846 2677 950 2741 verbis
973 2684 1070 2759 atque
1093 2677 1382 2742 exclamationibus

260 2781 362 2862 iisque
386 2781 489 2842 minus
513 2780 630 2862 ineptis
652 2781 820 2861 minusque
836 2781 966 2844 insulsis
983 2788 1097 2844 utatur.
1143 2780 1255 2844 Coron.
1270 2785 1288 2860 ξ
1306 2783 1377 2842 127:

261 2881 289 2946 εἰ
306 2879 367 2966 γὰρ
390 2932 440 2947 ...
465 2868 505 2966 ἦν
522 2873 540 2946 ὁ
557 2885 757 2966 κατηγοροῦν
780 2931 831 2946 ...
854 2873 897 2964 μὴ
914 2877 1145 2966 σπερμολόγος
1167 2933 1173 2946 .
1191 2934 1197 2946 .
1214 2876 1380 2965 ,ὄλεθρος

260 2981 468 3068 γραμματεὺς
492 3034 551 3059 ...,
574 2976 638 3048 οὐκ
669 2977 711 3048 ἂν
740 2975 846 3048 αὐτὸν
877 2979 967 3067 οἶμαι
993 2975 1086 3048 ταῦτ’
1114 2983 1220 3048 εἰπεῖν
1243 2974 1315 3048 οὐδ’
1339 2977 1381 3046 ἂν

261 3080 369 3163 οὕτως
400 3087 566 3169 ἐπαχθεῖς,
590 3079 711 3170 λόγους
744 3087 964 3170 πορίσασθαι,
1000 3080 1114 3170 ὥσπερ
1146 3085 1182 3149 ἓν
1211 3086 1382 3171 τραγονδὶᾳ

261 3193 397 3268 βοῶντα
427 3178 476 3266 „oi
506 3192 545 3274 γῆ
574 3191 627 3252 καὶ
658 3182 728 3274 ἥλιε
759 3191 812 3252 καὶ
845 3181 964 3274 ἄρετὴ“
987 3191 1041 3252 καὶ
1072 3186 1113 3252 τὰ
1140 3193 1298 3268 τοιαῦτα,
1325 3190 1380 3252 καὶ

260 3285 362 3357 πάλιν
385 3288 538 3370 ,σύνεσιν
568 3293 624 3355 καὶ
646 3291 823 3355 παιδείαν’“
850 3287 1131 3374 ἐπικαλούμενον,
1158 3279 1198 3373 „3²7
1223 3287 1266 3354 τὰ
1295 3287 1382 3354 καλὰ

260 3395 315 3458 καὶ
338 3391 380 3458 τὰ
403 3390 518 3477 αἰσχρὰ
549 3389 845 3477 διαγιγνώσκεταιλλ
874 3394 923 3473 (cf.
948 3394 1093 3457 Assclrin.
1112 3393 1268 3476 timoth.
1315 3394 1382 3456 Illis

259 3516 334 3560 vero
365 3496 535 3559 cumulatis
566 3504 663 3577 atque
696 3497 839 3560 molestis
869 3496 1157 3576 obsecrationibus,
1187 3515 1270 3576 quae
1294 3495 1380 3559 inve·

260 3599 387 3661 aluntur
410 3601 449 3679 ἓξ
467 3601 591 3661 77-79
615 3592 673 3679 (ὡς
698 3589 831 3682 ἀληθῶς
929 3595 970 3682 νὴ
993 3599 1053 3663 Δία
1153 3587 1238 3662 ἄλλα
1257 3588 1298 3680 νὴ
1320 3598 1380 3662 Δία

342 3694 382 3787 νὴ
406 3702 465 3766 Δία
577 3698 618 3786 νὴ
640 3702 714 3781 Δία)
745 3700 991 3765 Demosthenem
1022 3721 1113 3764 usum
1138 3720 1207 3764 esse
1235 3719 1297 3764 non
1332 3708 1382 3764 est

259 3804 417 3868 credibile.

344 4064 372 4215 {l
390 4063 589 4199 El.2l)tehdantz
616 4143 835 4208 „Demosthenes
858 4159 930 4197 neun
955 4143 1071 4212 philipp.
1091 4144 1214 4198 Reden‘.
1250 4143 1337 4196 Index
1351 4143 1381 4196 11

259 4248 280 4285 s.
294 4249 320 4285 v.
339 4230 582 4286 Schwnrformeln.
