3104 4758
234 265 275 328 28

234 436 389 502 rationem
413 438 602 521 explicasse.
645 441 796 505 Notatum
813 442 898 506 enim
915 449 983 507 erat
999 442 1227 527 Aristogitonis
1242 464 1359 510 nomen

234 539 267 602 in
297 540 417 604 tabulis
446 541 577 622 aerarii,
611 543 695 624 quod
718 545 864 627 multam,
898 564 962 626 qua
984 547 1156 611 damnatus
1178 553 1260 628 erat,
1293 568 1358 611 non

235 642 390 708 solvisset.
442 643 534 721 Quod
564 665 634 710 cum
666 646 747 711 falso
783 667 817 712 se
850 653 994 716 notatum
1028 667 1100 713 esse
1133 650 1174 713 ab
1195 649 1358 715 'Aristone

234 764 308 809 reus
340 746 556 830 contenderet,
593 769 655 812 uon
688 751 956 835 υευδεγγραφῆς,
995 771 1078 834 quae
1111 753 1180 815 sola
1213 753 1359 834 legitima

234 854 320 911 esset
343 847 374 911 in
398 847 458 913 hac
481 869 592 931 causa,
622 850 679 916 sed
701 848 908 931 βουλεύσεως
930 854 1088 918 actionem
1112 853 1158 918 illi
1181 854 1358 920 intendisse

235 949 482 1032 Aristogitonem
515 951 673 1016 Brauuius
703 954 787 1020 dicit.
833 954 997 1020 Oratorem
1030 975 1118 1036 vero,
1155 940 1225 1020 cum
1256 956 1359 1021 obiter

234 1058 358 1116 tautum
389 1073 454 1118 rem
477 1056 663 1138 attingeret,
692 1076 763 1122 eam
787 1059 890 1141 ipsam
914 1057 1087 1138 actionem,
1117 1078 1214 1141 quam
1238 1058 1359 1122 Aristo-

234 1155 322 1238 giton
334 1157 475 1223 Aristoni
488 1158 687 1238 intendisset,
700 1161 853 1225 attulisse.
884 1161 984 1226 Affert
997 1161 1155 1225 Braunius
1166 1163 1359 1245 exemplum,

235 1277 297 1340 quo
329 1260 511 1342 comprobet
542 1262 639 1325 talem
671 1263 821 1328 similium
854 1265 1029 1329 accusandi
1059 1283 1208 1345 generum
1247 1265 1359 1329 conlu-
1452 1303 1454 1308 -

236 1361 356 1426 sionem
387 1361 445 1425 ilia
475 1368 597 1444 aetate,
634 1385 698 1446 qua
729 1373 776 1430 tot
806 1375 929 1432 veteres
958 1367 1046 1449 leges
1068 1385 1137 1430 cum
1161 1366 1253 1430 noris
1275 1387 1359 1431 com-

235 1470 439 1548 mutarentur,
461 1465 592 1548 saepius
614 1467 778 1533 accidisse.

321 1569 362 1630 At
390 1567 415 1630 si
442 1566 636 1650 Aristogiton
660 1569 840 1635 Aristonem
868 1562 1074 1650 βουλεύσεως
1096 1577 1288 1647 accusasset,
1318 1590 1359 1634 ea

235 1668 318 1733 actio
342 1668 450 1733 statim
474 1691 494 1733 a
518 1669 707 1752 magistratu
730 1672 849 1740 reiecta
872 1682 956 1738 essct
968 1674 999 1758 ¹),
1025 1681 1058 1736 ut
1081 1692 1165 1754 quae
1187 1692 1249 1735 non
1273 1679 1361 1738 esset

234 1771 387 1854 legitima,
410 1779 441 1836 ot
463 1771 658 1854 Aristogiton
682 1781 810 1839 coactus
833 1783 926 1858 esset,
952 1777 979 1838 si
1003 1776 1181 1840 Aristonem
1206 1793 1360 1839 accusare

235 1874 343 1953 vellet,
380 1875 410 1938 ei
443 1874 697 1960 ψευύεγγοαφῆς
730 1883 887 1942 actionem
919 1877 1093 1942 intendere.
1145 1875 1359 1954 Quamobrem

235 1976 302 2041 fieri
338 1997 401 2040 uon
439 1975 556 2059 potuit,
602 1985 634 2041 ut
670 1985 789 2062 orator,
826 1980 953 2046 etiamsi
991 1978 1091 2044 obiter
1128 1986 1250 2044 tantum
1288 1998 1358 2043 rem

236 2079 421 2161 attingeret,
456 2075 664 2160 βουλεύσεως
694 2082 850 2146 actionem
883 2089 1157 2166 commemoraret,
1195 2101 1256 2145 non
1278 2098 1359 2164 ψευ-

235 2183 427 2267 ύεγγραφῆς.
480 2184 651 2248 Praeterea
677 2188 753 2265 §72
775 2184 926 2268 legimus;
950 2177 991 2250 riv
1014 2182 1069 2268 ἕλῃ
1091 2181 1153 2249 τὸν
1177 2179 1359 2267 Ἀρίστωνα

233 2280 450 2364 βουλεύσεως,
472 2285 506 2350 τί
528 2282 634 2362 iotam
658 2283 932 2374 ἐξαλειφθήσεται
955 2284 995 2372 νὴ
1012 2289 1081 2366 Δία,
1105 2281 1123 2350 ὁ
1145 2278 1359 2370 δ’ἀντεγγοα-

232 2382 390 2471 φήσεται·
422 2391 530 2453 ταῦτα
552 2384 614 2473 γὰρ
637 2387 669 2453 οἱ
693 2384 791 2474 νόμοι
814 2391 957 2476 λέγουσι,
1005 2392 1075 2456 Hac
1097 2409 1202 2474 poena
1224 2390 1358 2454 allectos

232 2509 303 2555 esse
332 2509 388 2554 eos
418 2497 555 2566 constat,
590 2491 642 2572 qui
666 2493 921 2580 ψευύεγγοαφῆς
943 2495 1077 2558 convicti
1101 2500 1201 2558 erant.
1245 2493 1359 2573 Neque

234 2613 310 2658 voro
332 2601 381 2658 est
404 2592 555 2658 credibile
579 2594 693 2659 eadem
718 2614 822 2678 poena
838 2597 969 2662 allectos
985 2615 1063 2677 esse,
1085 2595 1139 2677 qui
1156 2593 1358 2679 pecdsyypo-

233 2696 308 2780 ω’ῆς,
331 2715 395 2777 qua
417 2695 472 2777 qui
492 2690 701 2774 βουλεύσεως
716 2696 851 2762 convicti
869 2704 969 2781 erant,
992 2697 1139 2778 quamvis
1155 2695 1357 2777 grammatici

232 2817 360 2880 quoque
390 2798 424 2862 id
452 2799 590 2864 tradant.
643 2799 697 2864 Sic
727 2801 931 2865 statuendum
954 2821 1025 2866 esse
1048 2799 1202 2884 suspicor:
1238 2818 1359 2879 eorum,

232 2900 286 2984 qui
309 2900 566 2986 ψευδεγγοαφῆς
589 2902 725 2966 convicti
747 2911 870 2984 essent,
902 2922 1017 2968 nomen
1042 2903 1074 2966 in
1097 2902 1216 2966 tabulis
1239 2900 1356 2966 aerarii

233 3005 421 3088 inscriptum
452 3022 536 3084 esse,
569 3023 653 3086 quae
683 3024 788 3090 poena
817 3007 985 3090 aptissima
1008 3005 1048 3069 ad
1073 3005 1222 3070 delictum
1246 3023 1355 3068 eorum

232 3107 370 3190 videtur3
407 3126 471 3187 qua
503 3126 608 3189 poena
642 3107 747 3173 affecti
779 3108 856 3186 sint,
894 3109 949 3190 qui
981 3103 1191 3189 βουλεύσεως
1222 3105 1356 3171 convicti

233 3216 334 3290 erant,
355 3210 527 3293 nescimus;
559 3229 695 3294 poenam
718 3210 854 3276 eandem
878 3211 977 3276 tuisse
999 3231 1061 3275 non
1085 3217 1134 3275 est
1156 3209 1314 3275 credibile.

320 3311 470 3376 Venimus
498 3314 540 3377 ad
569 3312 668 3377 alium
691 3312 808 3394 locum,
840 3313 930 3378 cuius
953 3311 1173 3378 difficultatem
1196 3310 1358 3377 Braunius

232 3414 425 3497 explanasse
449 3412 525 3478 mihi
548 3435 611 3478 non
635 3414 768 3480 ridetur.
815 3416 893 3480 Cum
918 3435 981 3479 oon
1002 3415 1110 3479 omnia
1126 3414 1251 3494 delicta,
1274 3433 1357 3495 quae

233 3515 425 3598 quandoque
452 3515 641 3599 inciderent,
677 3518 771 3581 certis
803 3517 908 3600 legum
939 3516 1245 3602 praescriptionibus
1276 3535 1357 3580 com·

233 3616 504 3702 prehenderentur
533 3639 636 3701 neque
665 3620 697 3684 in
727 3619 877 3685 iudicium
906 3619 1019 3685 deduci
1043 3628 1174 3704 possent
1196 3617 1356 3686 ordinario

235 3721 342 3802 modo,
379 3728 411 3786 ct
448 3740 518 3786 oum
555 3741 653 3805 saepe
684 3741 803 3788 causae
835 3723 1024 3806 inciderent,
1062 3741 1147 3806 quae
1180 3741 1201 3785 a
1234 3721 1357 3804 vulgari

234 3825 360 3889 ratione
397 3824 590 3905 recederent,
635 3823 844 3891 Athenienses
888 3824 1177 3890 extraordinarium
1223 3823 1359 3890 actionis

231 3947 333 4011 genus
370 3926 591 4007 instituerant,
625 3926 839 4011 εἰσαγγελίαν.
893 3928 1013 4006 Quodsi
1051 3928 1122 4010 quis
1160 3946 1217 4013 per
1253 3927 1358 4012 εἰσαγ-

234 4031 347 4115 γελίαν
391 4050 465 4096 reus
509 4030 611 4096 factus
655 4035 737 4114 erat,
782 4029 920 4116 populus
963 4027 1170 4117 συνηγόρους
1213 4028 1360 4114 eligebat,

325 4253 351 4319 1)
369 4249 403 4305 ct.
423 4250 515 4306 Meier.
534 4267 560 4305 u.
579 4249 758 4306 Schoemonn·
777 4249 840 4305 Att.
857 4251 937 4306 Proo.
956 4266 983 4320 p.
998 4255 1055 4305 602.
