3104 4758
218 245 258 304 ll

216 429 279 475 non
309 409 411 475 solum
441 415 684 474 consecuturum
708 427 779 474 esse
803 409 948 493 putabat,
971 428 1053 472 unus
1075 409 1127 474 vel
1149 407 1257 492 plures
1279 407 1338 474 alii

216 519 360 577 oratores
391 531 464 577 eum
499 510 701 576 adiuvarent:
738 517 795 575 aut
829 505 940 578 horum
974 510 1077 575 oratio
1111 516 1182 576 erat
1212 497 1338 576 brevior

215 615 363 701 epilogus
385 621 441 680 aut
464 620 616 695 oratores,
638 613 826 698 praesertim
842 613 875 678 in
892 613 1091 696 gravioribus
1106 613 1338 678 difficiloribus

216 735 278 799 que
308 717 424 799 causis,
454 716 689 781 accusationem
717 715 800 780 inter
822 712 856 784 se
878 715 1105 801 dividebant.¹)
1149 715 1337 798 Aristogito-

215 819 303 886 niam
317 825 425 886 autem
441 819 578 902 priorem
596 818 855 903 dscasootoylov
869 837 941 884 esse
956 825 989 883 et
1003 817 1131 882 Libanii
1147 824 1336 902 argumento

216 927 247 986 et
269 941 309 988 ex
331 921 546 1005 compluribus
569 921 722 985 orationis
744 919 857 1004 beist)
879 927 1023 1004 apparet.

299 1029 404 1107 Atque
435 1043 504 1089 cum
528 1025 708 1108 Lycurgus,
742 1029 776 1088 ut
808 1023 941 1109 supra³)
963 1023 1116 1105 vidimus,
1149 1043 1212 1088 non
1235 1025 1335 1088 solum

214 1127 255 1192 dc
277 1127 400 1210 legibus
423 1125 465 1190 ab
485 1125 699 1208 Aristogitone
722 1124 851 1190 violatis
874 1125 1016 1207 dixisset,
1040 1126 1216 1191 sedetiam
1240 1145 1335 1208 quarn

211 1235 324 1313 turpes
365 1228 494 1312 privata
538 1227 608 1293 cius
649 1226 717 1291 vita
756 1246 924 1308 moresque
964 1235 1083 1310 essent,
1127 1223 1335 1312 exposuisset,

214 1331 447 1416 Demosthenes
495 1330 618 1395 duobus
665 1329 769 1394 modis
814 1350 905 1399 suam
950 1331 1125 1396 orationem
1170 1332 1335 1397 instituere

214 1435 328 1518 potuit:
359 1440 415 1498 aut
444 1453 496 1514 ca,
526 1452 610 1514 quae
633 1431 827 1514 Aristogiton
852 1439 961 1496 contra
984 1433 1123 1517 Lycurgi
1147 1440 1336 1516 argumenta

213 1537 333 1602 diceret
348 1535 530 1601 refellenda
547 1534 842 1617 excusationesquc,
865 1555 946 1618 quas
969 1537 1131 1619 proferret,
1153 1538 1336 1620 eripiendas

213 1640 273 1705 sibi
296 1639 509 1724 proponebat,
532 1645 586 1703 aut
608 1638 803 1721 exponebat,
834 1638 910 1720 quid
933 1639 974 1704 de
997 1658 1096 1704 causa
1118 1639 1254 1704 iudicari
1277 1641 1335 1704 roi-

213 1742 361 1827 publicae
383 1741 559 1807 interesset.

300 1843 477 1909 Videamus
505 1861 601 1924 nunc,
631 1842 790 1924 quomodo
814 1849 924 1907 auctor
947 1841 1196 1926 Aristogitoniae
1220 1843 1335 1927 prioris

212 1946 387 2012 orationem
418 1944 598 2010 instituerit.
642 1946 914 2029 daorspotoyruiv
944 1964 1028 2026 quae
1055 1944 1202 2010 dicuntur
1224 1965 1333 2028 quam·

212 2069 308 2132 quam
339 2048 505 2132 prooemia
535 2047 724 2113 brevissima
747 2067 818 2112 esse
841 2047 995 2128 solebant,
1025 2067 1095 2112 cum
1119 2048 1205 2132 prior
1227 2054 1334 2112 orator

212 2154 277 2217 iarn
308 2157 384 2216 ante
416 2149 563 2233 dixisset,
600 2149 830 2232 Aristogitonis
863 2151 949 2234 prior
983 2150 1101 2235 duplex
1137 2151 1232 2216 babet
1265 2171 1334 2236 pro-

212 2255 365 2337 oemium,
398 2273 461 2336 quo
484 2253 676 2336 explicatur,
709 2271 774 2334 qua
796 2251 920 2317 ratione
943 2271 1042 2318 causa
1064 2271 1217 2336 praesens
1239 2254 1334 2318 aesti-

212 2357 334 2422 manda
370 2356 412 2420 sit
449 2355 503 2440 (ἓξ
526 2359 551 2420 l.
567 2357 595 2421 2.
612 2353 741 2438 3-14).
801 2355 835 2417 ln
874 2355 1018 2420 oratione
1055 2356 1128 2438 ipsa
1164 2362 1334 2439 postquam

212 2457 396 2545 §§15-53
430 2456 681 2522 demonstratum
716 2463 777 2534 est,
813 2476 897 2538 quae
934 2476 1006 2521 reus
1039 2457 1071 2521 in
1105 2458 1335 2541 rempublicam

210 2560 297 2626 male
312 2561 474 2643 gessisset,
489 2561 529 2639 ξς
545 2560 670 2622 54-68
686 2578 782 2641 quam
808 2559 910 2641 turpis
932 2563 1017 2623 esset
1032 2559 1101 2624 eius
1118 2559 1184 2622 vite
1200 2560 1334 2643 privata,

211 2661 252 2749 ἓξ
268 2666 393 2727 60-75
417 2681 457 2727 ea
479 2670 669 2745 argumenta
691 2660 861 2742 adduntur,
884 2680 968 2742 quae
984 2662 1151 2745 Lycurgus
1174 2663 1334 2728 omiserat.

211 2766 262 2831 Ad
290 2772 472 2831 extremum·
505 2769 612 2829 orator
648 2762 784 2844 iudices,
818 2783 887 2827 cum
927 2764 1056 2828 omuino
1086 2764 1164 2828 nibil
1192 2765 1246 2846 sit,
1279 2785 1335 2829 cur

210 2887 300 2933 reum
345 2867 528 2948 absolvant,
571 2865 774 2942 adhortatur,
819 2871 853 2929 ut
897 2885 968 2930 eum
1014 2887 1139 2930 summo
1175 2867 1334 2950 supplicio

211 2969 365 3036 afficiant.

297 3073 389 3151 Quae
410 3078 520 3156 partes
541 3076 576 3135 ut
597 3091 660 3136 non
683 3070 800 3136 idonea
823 3071 948 3136 ratione
970 3071 1147 3156 dispositae
1169 3079 1257 3155 sunt,
1288 3074 1333 3138 ita

211 3175 317 3239 minus
347 3181 424 3258 apte
454 3175 539 3238 inter
572 3192 607 3238 se
636 3172 816 3238 cobserent.
871 3171 963 3250 Quae
997 3194 1096 3240 causa
1130 3174 1173 3238 sit
1205 3194 1333 3240 accusa·

210 3278 306 3342 tionis
328 3297 472 3360 quasque
493 3276 582 3359 leges
605 3276 734 3341 violarit
755 3295 839 3358 reus,
859 3284 978 3361 auctor,
999 3296 1069 3342 cum
1087 3278 1150 3343 iam
1167 3279 1333 3362 Lycurgus

210 3380 478 3446 demonstraverit
507 3379 602 3462 quasi
632 3379 829 3463 praeteriens
859 3379 952 3444 modo
982 3387 1218 3448 commemorat.
1269 3382 1333 3447 Sed

211 3503 274 3548 uno
304 3483 374 3548 loco
404 3481 447 3546 ad
478 3501 518 3547 ea
549 3499 633 3564 uuae
663 3483 828 3566 Lycurgus
857 3481 921 3546 iam
945 3484 1122 3565 protulerat
1144 3491 1333 3567 argumenta

211 3585 278 3650 alia
307 3585 481 3652 adduntur:
517 3585 765 3668 Aristogitonem
795 3583 848 3666 iis,
885 3584 941 3666 qui
971 3591 1094 3668 patrem
1121 3586 1192 3651 eius
1220 3586 1333 3671 sepeli·

211 3687 342 3770 vissent,
364 3707 426 3751 non
450 3685 543 3750 modo
566 3693 711 3771 sumptus
733 3705 796 3751 non
820 3685 1011 3769 reddidisse,
1043 3687 1100 3753 sed
1122 3688 1220 3753 etiam
1244 3689 1331 3754 litem

211 3789 396 3872 intendisse,
426 3809 565 3854 sororem
590 3790 784 3872 vendidisse,
813 3788 948 3854 Zobiam
970 3789 1127 3871 clientem,
1154 3811 1330 3873 quaecum

300 4049 326 4112 1)
345 4043 526 4101 Schoenrann.
545 4043 607 4099 Att.
625 4045 705 4098 Proc.
723 4060 750 4113 p.
765 4049 822 4099 708.

297 4137 327 4201 r)
342 4148 381 4187 or.
400 4131 464 4186 cuv.
482 4131 531 4187 Ar.
545 4130 567 4200 1,
581 4135 604 4185 3.
625 4135 664 4186 14.
683 4135 725 4185 sc.
743 4134 784 4184 ea.
802 4134 844 4185 ur.

296 4222 325 4288 3)
341 4235 369 4290 p.
382 4221 457 4273 8-9.
