3104 4758
1301 267 1339 328 15

217 435 392 518 fugientem
408 436 494 518 apud
511 453 546 500 se
562 433 742 517 recepisset,
758 433 895 518 pecunia
911 439 1009 516 atque
1025 441 1113 500 veste
1129 436 1340 520 instruxisset,

218 538 350 620 Megara
378 535 552 621 proiectum
577 535 767 616 adiuvisset,
796 537 883 601 male
906 555 1051 603 vexasse.
1096 536 1242 620 Denique
1264 558 1340 620 quo

218 641 313 704 modo
349 641 382 704 in
420 640 555 704 vinculis
593 659 628 704 sc
663 639 810 722 gesserit,
846 639 1040 722 adiungitur.
1095 639 1231 723 Reliqua
1263 661 1339 706 vero

217 743 326 806 omnia
351 750 477 826 praeter
501 741 582 806 hauc
604 741 768 805 minimam
796 747 921 825 partem
945 763 1008 806 non
1032 743 1197 807 astrictam
1222 743 1341 809 habent

217 845 434 909 narrationem
458 863 561 926 neque
583 844 698 925 gravia
720 850 917 926 argumenta,
940 845 996 909 sed
1017 846 1177 928 quaedam
1193 846 1340 912 notiones

218 946 477 1031 philosophorum
506 965 594 1010 more
624 945 828 1028 definiuntur,
856 945 917 1010 loci
947 966 1132 1013 communes
1161 954 1340 1014 tractantur

218 1050 330 1135 (veluti
360 1049 450 1113 illud:
480 1049 568 1131 leges
591 1050 698 1130 magni
721 1048 942 1114 aestimandas
964 1050 1057 1133 esse),
1086 1051 1138 1115 vel
1159 1051 1192 1116 in
1216 1052 1341 1117 univer·

218 1172 288 1216 sum
312 1151 425 1216 dicitur
447 1150 487 1216 de
509 1151 735 1233 Aristogitonis
757 1151 975 1234 improbitate,
1005 1151 1056 1217 rel
1084 1151 1209 1218 iudices
1231 1153 1341 1218 admo·

216 1261 343 1335 nentur,
380 1273 420 1319 ne
457 1272 543 1318 reum
583 1261 616 1317 ut
652 1253 885 1337 sycophantam
923 1253 1003 1338 ipsis
1036 1255 1146 1320 utilem
1179 1262 1339 1324 tueantur.

219 1357 380 1441 Imprimis
412 1356 452 1421 de
486 1356 590 1438 legum
625 1356 748 1420 ratione
778 1363 810 1421 ct
839 1356 880 1421 de
910 1356 1026 1428 civium
1057 1357 1213 1423 societate
1240 1359 1342 1424 multa

218 1459 316 1524 rerba
354 1459 469 1538 fiunto)
527 1459 683 1523 Libanius
724 1458 852 1540 quidem
891 1458 1137 1526 Demosthenem
1183 1461 1229 1525 sic
1274 1482 1339 1527 rem

217 1569 356 1626 tractare
384 1567 529 1626 coactum
553 1579 623 1626 esse
645 1561 731 1643 dicit,
754 1561 838 1642 quod
862 1562 1029 1646 Lycurgus
1051 1562 1117 1627 iam
1142 1564 1342 1629 omniafere

217 1662 438 1750 exposuer·it.²)
491 1663 555 1728 Sed
585 1683 640 1726 cur
663 1663 895 1728 Demosthenes
921 1663 1160 1729 accusationem
1183 1685 1246 1728 non
1269 1685 1340 1729 cum

220 1769 367 1852 Lycurgo
382 1765 558 1831 diviserat?
602 1765 692 1830 Etsi
715 1765 748 1830 id
764 1785 826 1828 non
851 1766 979 1849 lecerat,
1002 1785 1158 1831 summum
1183 1774 1340 1833 oratorem

219 1889 284 1934 rem
318 1870 412 1935 aliter
443 1875 582 1934 tractare
616 1889 678 1932 non
710 1868 852 1952 potuisse
886 1869 1075 1934 credamus?
1130 1870 1163 1934 Si
1197 1869 1277 1934 nihil
1312 1871 1342 1935 ei

217 1973 374 2054 reliquum
406 1979 487 2053 erat,
521 1972 547 2036 si
578 1971 657 2035 nihil
688 1972 749 2034 uisi
773 1970 934 2054 epilogum
958 1969 1075 2036 hahere
1098 1972 1241 2057 volebat,
1274 1977 1340 2037 tam

214 2076 315 2158 longa
344 2082 376 2140 et
407 2083 473 2138 tam
506 2075 594 2138 inani
626 2075 844 2157 disputatione
874 2093 956 2158 opus
984 2075 1074 2140 erat?
1118 2075 1225 2140 Potuit
1247 2095 1342 2158 argn-

219 2184 339 2258 menta,
373 2199 458 2260 quae
481 2178 619 2261 Lycurgi
649 2176 793 2241 oratione
815 2176 941 2258 longius
964 2176 1113 2260 exposita
1135 2185 1242 2260 erant,
1275 2178 1343 2243 bre·

218 2283 301 2346 viter
333 2281 497 2363 colligere,
534 2280 655 2345 iudices
689 2279 784 2344 oflicii
817 2280 1005 2365 admonere,
1040 2287 1137 2362 atque
1170 2281 1343 2364 praecipue
1422 2323 1428 2337 ·

220 2385 409 2449 auctoritate
439 2404 498 2448 sua
528 2384 710 2467 Lycurgum
742 2381 910 2459 adiuvare;
947 2383 980 2446 id
1012 2382 1095 2464 quod
1128 2383 1257 2448 omnino
1278 2403 1341 2447 non

219 2487 306 2552 lecit:
342 2507 405 2551 nou
439 2487 523 2550 euim
555 2505 613 2551 sua
646 2491 774 2569 sponte,
810 2485 866 2550 scu
900 2486 1035 2549 invitum
1069 2492 1102 2550 et
1132 2493 1276 2551 coactum
1308 2505 1343 2551 se

221 2589 428 2670 Aristogitoni
460 2589 546 2653 litem
579 2587 744 2653 intendere
773 2587 864 2672 dicit,
901 2588 987 2670 quod
1018 2587 1104 2652 haud
1134 2589 1257 2653 nesciat
1288 2587 1342 2670 qui

221 2700 349 2757 accuset
371 2711 442 2757 eum
466 2692 530 2756 alio
554 2700 696 2775 tempore
717 2690 823 2774 ipsum
847 2690 1029 2776 accusarit)

305 2795 355 2859 Ne
390 2793 470 2858 haoc
503 2792 631 2875 quidem
667 2813 687 2858 a
721 2791 947 2858 Demosthenis
983 2792 1091 2858 indole
1128 2793 1236 2859 aliena
1273 2810 1344 2859 esse

220 2897 356 2962 Weilius
379 2897 529 2980 statuitt)
574 2896 653 2961 Oum
677 2895 833 2961 liberatus
857 2894 1041 2978 Aristogito,
1064 2897 1117 2978 qui
1140 2901 1207 2960 tam
1232 2902 1344 2978 aperte

220 3007 350 3082 tamque
392 2998 595 3082 impudenter
636 2999 723 3080 leges
764 2997 930 3080 violasset,
972 2996 1170 3081 reipublicae
1205 3017 1344 3080 magnae

219 3101 376 3166 infamiae
406 3103 532 3165 iuturus
559 3101 655 3165 luerit
686 3118 868 3181 magnoque
898 3099 1055 3183 periculo,
1083 3100 1169 3182 quod
1192 3119 1231 3165 oo
1254 3100 1345 3164 abso

220 3205 288 3270 luto
323 3203 462 3268 futurum
495 3209 594 3282 esset,
631 3208 665 3267 nt
688 3201 891 3267 oboedientia
923 3201 1030 3283 legum
1063 3201 1344 3285 institutorumque

222 3307 462 3373 Atheniensium
494 3306 690 3372 minueretur
719 3324 823 3386 neque
854 3304 982 3388 publica
1003 3323 1107 3387 neque
1130 3305 1256 3390 privata
1278 3304 1344 3370 vita

222 3416 289 3475 tuta
318 3416 415 3490 esset,
447 3407 692 3474 Demosthenem
716 3428 778 3472 non
802 3407 901 3472 semel
924 3407 1114 3489 gravissime
1136 3407 1259 3473 iudices
1282 3429 1345 3472 mo·
1402 3429 1403 3434 ¹

221 3514 329 3578 nuisse
377 3512 580 3578 oboedientia
625 3513 732 3594 legum
770 3511 904 3575 salutem
943 3510 1139 3594 reipublicae
1183 3510 1344 3576 contineri.

222 3615 402 3696 Oratorem,
439 3616 493 3698 qui
525 3633 566 3679 ne
599 3633 704 3679 mores
735 3613 851 3677 civium
882 3612 1068 3677 laberentur
1096 3631 1210 3680 cavere
1240 3613 1346 3695 vellet,

220 3737 352 3784 necesse
382 3737 454 3783 esse
482 3737 545 3781 non
576 3717 670 3780 modo
702 3715 911 3795 descendere,
949 3722 983 3778 ut
1005 3715 1113 3781 Weilii
1137 3715 1243 3781 verbis
1265 3721 1345 3798 utar,

311 3909 336 3970 1)
353 3909 462 3973 §loom
479 3900 523 3970 (rt
540 3897 602 3958 ἐστι
618 3897 720 3969 νόμοςε
740 3899 852 3967 Soholt,
869 3903 929 3966 §32
940 3898 1038 3972 („rrspl
1055 3893 1223 3965 ἅπονοίας“;
1241 3899 1346 3968 Sobol.)

223 3996 290 4059 587.
309 3996 324 4059 ξ
338 3997 365 4046 11
387 3985 555 4058 (δικαστής).
574 3991 633 4054 §68
650 3983 747 4056 1,,περὶ
765 3979 925 4051 tractore:
946 3984 1052 4054 Sobol.)
1068 3989 1136 4052 §75-

311 4081 338 4145 2)
357 4077 454 4131 Liban.
472 4091 578 4144 argum.
596 4089 623 4142 p.
636 4077 693 4128 169.

308 4165 338 4231 a)
354 4162 370 4232 ξ
385 4166 424 4216 13.

307 4252 336 4318 1)
354 4249 371 4304 1.
384 4265 408 4304 e.
426 4264 453 4317 p.
466 4250 507 4302 20.
