3104 4758
1318 231 1356 293 13

232 398 355 487 χρόνος
386 397 514 478 πολλὰς
545 391 731 482 ἀποδείξεις
755 391 850 486 ἀνδρὶ
874 403 969 486 καλῷ
989 391 1143 485 κάγαθῷ,
1173 397 1209 464 ἐν
1231 403 1281 476 οίς
1302 389 1358 465 ον’-

236 505 343 590 ιίαμοῦ
369 497 410 570 οὐ
431 501 571 590 φανήσει
601 501 758 588 γεγονώς,
792 496 833 568 ού
862 507 1011 587 πρῶτος,
1044 494 1085 568 οὐ
1113 499 1282 588 δεύτερος,
1316 492 1357 568 οὗ

235 608 359 690 τρίτος,
383 598 425 672 ov'
440 607 610 690 τέταρτος,
634 597 675 670 οὐ
689 607 851 690 πέμπτος,
867 596 929 690 οὐχ
945 602 1050 685 ἕκτος,
1066 596 1127 690 οὐχ
1142 599 1358 672 ὁποστοσοῦν

235 709 474 793 (xv111‚3ro);
505 729 575 774 oum
600 709 649 773 his
672 709 778 776 verbis
800 717 990 793 comparata
1013 709 1078 790 illa,
1107 728 1190 790 quae
1213 709 1358 791 tegamus

235 813 268 876 in
298 814 443 877 oratione
476 812 704 895 Aristogitonis
734 815 753 891 ξ
775 814 793 876 8
824 812 952 897 (θηρία,
975 798 1025 876 οἷν
1046 812 1146 896 μέσος
1168 811 1225 876 καὶ
1247 815 1358 876 τελεο-

234 926 328 990 ταϊος
350 915 406 978 καὶ
428 910 564 999 πρῶτός
586 913 677 979 ἔστιν
700 901 814 998 οὗτος)
838 914 945 979 sobria
968 933 1007 978 ae
1030 914 1212 979 verecunda
1234 933 1315 982 esse.

320 1017 382 1082 Sed
415 1017 456 1082 de
492 1016 551 1081 hoo
583 1017 655 1101 ipso
686 1017 769 1099 loco,
806 1037 900 1099 quem
932 1019 1027 1081 modo
1057 1017 1168 1100 uitari,
1205 1017 1359 1082 nonnulla

235 1119 372 1184 dicenda
401 1126 484 1186 suut.
536 1120 682 1184 insolens
710 1126 758 1184 est
788 1118 955 1184 collocatio
986 1118 1152 1185 verborum
1181 1119 1281 1205 μέσος
1303 1120 1358 1184 καὶ

234 1227 422 1298 τελευταῖος
445 1223 498 1286 καὶ
535 1226 685 1307 πρῶτος
722 1229 890 1306 praeterea
911 1223 944 1286 in
975 1222 1195 1306 super-latione
1217 1224 1358 1288 offendo:

235 1343 298 1390 nen
329 1333 434 1409 potest
465 1324 545 1408 fieri,
579 1333 613 1389 ut
640 1325 835 1408 Aristogiton
866 1324 962 1390 simui
985 1326 1106 1408 primus
1128 1331 1160 1390 et
1183 1326 1360 1392 mediuset

235 1434 415 1511 postremus
444 1428 494 1492 sit.
545 1430 587 1491 At
617 1428 650 1491 in
681 1426 930 1511 Ctesiphonteae
959 1428 1115 1494 orationis
1144 1429 1247 1494 looum
1280 1429 1361 1494 haee

235 1529 440 1613 reprehensio
463 1530 594 1594 minime
616 1530 717 1594 eadit:
740 1549 816 1594 nam
841 1530 895 1611 qui
911 1531 1040 1594 omnino
1055 1532 1087 1595 in
1104 1550 1235 1597 numero
1251 1531 1359 1614 aliquo

235 1652 297 1696 non
329 1640 389 1715 est,
426 1633 452 1696 is
484 1640 569 1698 reete
600 1638 632 1696 et
662 1640 812 1698 aaourate
840 1631 955 1697 dicitur
984 1652 1088 1714 neque
1111 1635 1233 1718 primus
1256 1653 1359 1716 neque

236 1734 395 1798 secundus
417 1753 520 1816 neque
544 1735 655 1799 tertius
677 1755 747 1817 sqq.
769 1755 849 1801 esse.

322 1840 427 1918 Atque
457 1837 489 1903 id
521 1837 651 1919 quidem
682 1858 703 1901 a
730 1837 798 1902 viro
826 1836 1012 1903 doctissimo
1035 1845 1121 1904 rente
1143 1839 1264 1904 moneri
1287 1857 1361 1902 oon·

236 1939 328 2006 eedo:
365 1940 397 2003 in
431 1939 697 2005 translationibus
730 1939 794 2004 illis
828 1939 934 2004 nimiis
968 1940 1230 2023 gravissimisque
1263 1947 1295 2005 et
1328 1939 1361 2004 in

237 2043 354 2122 verbis,
387 2061 471 2124 quae
494 2041 658 2130 (Weilius)
689 2042 795 2120 affert,
829 2063 891 2108 non
924 2063 995 2108 esse
1018 2043 1251 2109 offendendum.
1296 2042 1361 2108 Sed

237 2145 314 2227 quid
331 2145 465 2209 Weilius
488 2144 564 2209 dicit
586 2144 627 2209 de
649 2145 744 2210 rebus
767 2145 831 2210 illis
845 2145 1065 2228 grammaticis
1080 2165 1101 2210 a
1116 2143 1361 2211 Demostheniao

237 2247 393 2312 sermonis
423 2266 481 2312 usu
509 2245 648 2312 alienis?
683 2266 766 2328 quae
797 2248 825 2311 si
856 2248 1016 2312 nonnuliis
1039 2247 1133 2312 modo
1155 2247 1234 2312 loeis
1256 2253 1361 2313 exsta·

237 2357 316 2432 rent,
338 2371 359 2414 a
383 2349 505 2414 librarii
529 2370 626 2414 manu
649 2349 812 2433 profectas
835 2369 906 2415 esse
929 2349 1082 2416 eredibile
1103 2357 1198 2432 esset,
1225 2350 1282 2416 sed
1305 2369 1361 2433 per

237 2459 337 2518 totam
361 2452 538 2517 orationem
562 2473 697 2536 sparsae
719 2459 807 2535 sunt;
836 2451 914 2535 quid
937 2452 977 2518 de
1000 2453 1098 2518 nimie
1120 2473 1252 2519 numero
1268 2473 1361 2536 asyn-

237 2554 381 2620 detorum
412 2555 492 2620 eta?
536 2554 707 2621 Praeterea
738 2555 769 2618 in
799 2554 859 2619 hae
889 2555 1034 2621 oratione
1063 2556 1224 2639 permulta
1254 2556 1362 2620 insunt

238 2657 349 2739 verba,
383 2677 517 2740 quorum
541 2657 623 2722 ratio
647 2657 774 2721 omnino
798 2657 947 2739 aliaest,
980 2676 1078 2740 quam
1101 2657 1244 2741 illorum,
1277 2676 1362 2740 quae

241 2759 376 2825 Weilius
398 2759 492 2825 offert
514 2778 553 2824 ex
576 2759 721 2825 oratione
743 2759 783 2825 de
805 2779 924 2824 corona
947 2759 1070 2826 habite:

323 2860 412 2947 §1:3:
441 2862 713 2946 προχειρίζεσθαι
741 2861 802 2928 hoe
830 2863 900 2926 loco
922 2868 954 2928 et
976 2862 1064 2946 apud
1087 2863 1181 2930 Isoor.
1197 2862 1283 2945 vni,
1302 2864 1360 2926 122

238 2965 376 3050 eligendi
407 2964 670 3049 significationem
704 2964 814 3048 habet,
848 2965 935 3050 apud
966 2965 1211 3031 Demosthenem
1235 2984 1362 3049 semper

239 3067 381 3152 „aliquid
404 3067 465 3132 sibi
488 3067 654 3152 par·andi“.

324 3174 412 3252 §512
436 3162 629 3258 αὐτοχειρίᾳ
650 3186 707 3254 pro
729 3161 894 3256 αὐτόχειρ.

324 3275 414 3355 ξὸίι
436 3268 522 3356 πρὸς
543 3264 732 3359 κατεγγύην
755 3272 946 3355 „vadimonii
969 3274 1095 3338 eausa“.

324 3374 414 3461 §832
442 3377 562 3460 ψῆφον
593 3373 762 3461 διαφέρειν
788 3396 847 3460 pre
868 3378 988 3460 ψῆφον
1009 3374 1123 3460 φέρειν
1145 3374 1197 3440 vel
1218 3374 1360 3440 τιθέναι,

323 3481 414 3560 aaa:
442 3474 649 3559 ἐξάπτεσθαι
671 3478 732 3543 sibi
756 3477 896 3544 induere.

325 3579 415 3666 §th
444 3593 616 3666 συνεργεῖν
641 3603 708 3646 τινι
740 3579 909 3661 adiuvare,
939 3579 1040 3646 multa
1063 3579 1139 3662 alia,
1167 3598 1251 3662 quae
1273 3579 1361 3663 apud

240 3679 488 3748 Demosthenem
512 3701 669 3764 nusquam
693 3680 935 3767 inveniemini)

326 3785 418 3863 Quae
447 3790 556 3852 autem
587 3784 722 3851 Weilius
751 3785 792 3850 de
823 3784 883 3852 hae
905 3786 1050 3851 oratione
1072 3792 1107 3850 ut
1128 3785 1254 3870 epilogo
1276 3784 1362 3867 dicit,

240 3889 281 3954 de
310 3887 351 3954 iis
389 3887 569 3954 aoouratius
601 3887 821 3954 disserendum
861 3908 932 3954 esse
962 3888 1037 3954 mihi
1069 3888 1205 3956 ridetur.
1256 3888 1362 3972 Saepe

239 3991 323 4058 euim
347 3991 482 4056 Athenis
504 3989 623 4056 santum
648 3999 704 4068 est,
736 3998 779 4075 ut,
809 3991 835 4056 si
857 3998 966 4056 orator
988 3992 1030 4074 id,
1059 3991 1145 4074 quod
1166 3990 1306 4072 volebat,
1327 4009 1362 4056 se

241 4131 443 4140 --—--

328 4216 354 4280 1)
371 4212 473 4267 Brenn.
492 4227 518 4280 p.
532 4217 596 4280 ὅσα.
