3104 4758
243 253 283 317 26

239 429 324 492 stare
333 428 369 509 1);
399 425 512 490 eodem
535 427 751 493 modoetiam
774 428 1003 496 thesmothetas
1027 429 1186 495 Braunius
1209 438 1368 496 memorat

239 527 272 591 iu
302 527 532 594 thesmuthesio
562 550 697 596 coenare
728 530 840 595 solitos
869 531 1073 597 nihilominus
1096 532 1260 616 Hyperide
1282 540 1367 600 teste

238 631 291 715 (sr.
317 635 389 696 165:
420 626 611 719 Ὑπερείδης
634 632 670 700 ἐν
693 637 743 719 τῷ
765 629 852 700 κατὰ
874 633 1108 719 Πατροκλέους
1131 628 1238 720 λόγωι
1268 636 1306 701 ol
1329 636 1366 702 δὲ

239 733 337 800 ἐννέα
360 725 518 819 ἄρχοντες
541 733 714 802 εἱστιῶντο
738 733 774 801 ἐν
797 739 837 820 τῇ
861 740 945 825 στοᾷ
966 737 1055 823 κτλ.)
1078 737 1191 803 eadem
1208 738 1366 804 depensa

238 837 270 902 in
308 838 430 920 regiam
467 838 663 905 convenisse.
723 839 844 904 Eadem
883 839 1007 904 ratione
1040 839 1105 905 fieri
1136 840 1293 923 potuisse,
1330 847 1366 905 ut

239 939 505 1022 Areopagitarum
522 947 653 1006 senatus
668 941 782 1006 Martis
804 941 916 1006 collem
932 960 1081 1025 asperum
1097 943 1367 1026 tempestatisque

240 1041 449 1107 incommodis
472 1043 643 1108 obnoxium
668 1063 738 1108 oum
763 1043 975 1114 commodiore
999 1045 1066 1108 loeo
1089 1051 1307 1110 commutaret.

323 1142 427 1222 Quum
458 1145 652 1210 sententiam
676 1152 710 1212 nt
732 1146 954 1230 comprobaret
973 1146 1112 1212 Braunio
1135 1167 1198 1212 nou
1222 1147 1366 1230 contigit.

238 1247 323 1313 Fieri
354 1247 481 1330 quidem
510 1249 632 1332 potuit,
670 1254 705 1312 ut
736 1247 960 1314 Demosthenis
990 1255 1097 1313 aetate
1121 1249 1248 1316 oomitia
1269 1249 1365 1314 modo

238 1349 297 1415 hoe
327 1351 420 1414 modo
450 1350 505 1415 illo
535 1351 605 1416 loeo
636 1351 841 1432 haberentur,
875 1357 909 1415 ut
939 1349 1172 1420 thesmuthetae
1202 1351 1296 1416 modo
1331 1353 1366 1416 in

238 1452 465 1516 thesmuthesio
489 1453 584 1517 modo
607 1454 640 1517 in
658 1453 748 1536 regia
763 1459 950 1536 coenarent3
973 1455 1238 1538 Areopagitarum
1255 1461 1364 1520 autem

239 1555 363 1620 senatui
393 1554 481 1620 nullo
515 1556 581 1620 alio
610 1555 678 1620 loeo
708 1555 849 1620 iudicare
879 1556 1010 1636 licebat,
1042 1557 1104 1624 nisi
1133 1556 1166 1620 in
1189 1557 1259 1640 ipso
1282 1556 1366 1622 oolle

238 1656 365 1722 Martis:
397 1659 551 1742 capitalia
579 1659 664 1724 enim
695 1664 821 1747 tantum
844 1678 943 1743 pones
966 1679 1038 1723 eum
1061 1664 1153 1725 erunt
1174 1659 1232 1724 illa
1255 1665 1365 1724 aetate

239 1759 357 1824 iudicia
386 1761 427 1825 de
449 1781 527 1826 neoe
548 1761 741 1841 voluntaria,
770 1781 862 1843 quae,
891 1769 926 1824 ut
949 1769 1018 1826 erat
1041 1761 1218 1846 antiquitus
1240 1761 1364 1845 religio,

238 1862 327 1926 nullo
351 1863 415 1926 alio
439 1864 508 1929 loeo
532 1863 641 1929 haberi
664 1870 812 1947 poterant
834 1864 894 1927 nisi
917 1863 949 1926 in
974 1863 1225 1949 Ma1·tiseolle.‘²)

324 1965 456 2030 Duobus
492 1965 566 2030 aliis
603 1966 636 2030 in
674 1965 766 2047 loeis,
804 1966 919 2048 quibus
954 1972 1218 2034 uonrmeuroratur
1252 1958 1362 2051 γραφή

238 2058 450 2146 βουλείσεως
472 2066 526 2154 (ξς
542 2068 590 2133 28.
608 2068 672 2152 71),
695 2069 759 2134 ianr
776 2067 957 2133 Boeokhius
978 2069 1153 2134 offenderat
1171 2067 1364 2152 (Urkunden

239 2169 288 2237 uh.
310 2170 340 2236 d.
363 2170 534 2236 Seewesen
557 2177 615 2236 eto.
638 2190 667 2254 p.
682 2173 742 2235 536
759 2171 826 2256 sq.).
871 2171 972 2236 Affert
995 2171 1043 2234 vir
1066 2169 1267 2238 doctissimus
1289 2170 1362 2234 titu-

236 2274 303 2337 lum
341 2273 383 2337 ud
420 2293 487 2338 rem
525 2273 674 2339 navalem
712 2273 953 2339 Atheniensium
988 2281 1198 2356 spectantem:
1235 2273 1364 2358 Sopolis

238 2374 442 2442 Atheniensis
475 2398 495 2441 a
530 2377 703 2460 Polyeueto
736 2383 859 2442 oratore
892 2385 1072 2455 accusaturi,
1113 2376 1198 2458 quod
1231 2376 1363 2440 navium

238 2483 439 2543 armamenta
460 2477 595 2561 puhliois
616 2478 789 2543 navalibus
804 2479 927 2562 integro
943 2498 1007 2542 non
1023 2477 1222 2561 reddidisset,
1244 2498 1363 2562 magua

237 2581 375 2665 peounia
405 2581 560 2645 multatus
587 2588 645 2645 est.
696 2580 754 2646 llle
784 2600 859 2645 vero
888 2601 966 2646 oum
998 2600 1102 2646 remos
1132 2581 1286 2664 dodisset,
1323 2600 1363 2646 ne

238 2683 407 2768 pecuniam
440 2703 565 2748 omnem
597 2684 747 2766 solveret,
784 2691 915 2748 senatus
945 2683 1120 2767 Polyenoto
1149 2690 1279 2748 auctore
1309 2682 1361 2748 de·

238 2787 353 2868 erevit,
390 2792 425 2850 ut
453 2786 485 2850 in
516 2787 655 2851 solutum
686 2786 765 2851 remi
789 2785 1007 2870 aer·iperentur
1030 2785 1230 2868 pretiumque
1252 2804 1361 2850 eorum

238 2889 278 2954 de
311 2889 437 2954 nomine
467 2888 693 2954 detraheretur.
745 2888 926 2969 Sequuntur
957 2887 1037 2952 haee
1067 2889 1098 2950 in
1129 2887 1221 2952 titulo
1249 2887 1361 2952 verba:

210 3021 211 3026 ¹
238 2989 298 3057 ἐὰν
326 2991 361 3057 δε
392 2991 425 3057 οἱ
448 2995 518 3057 των
541 2991 693 3075 νεωρίων
716 2982 873 3074 ἄρχοντες
896 2987 928 3054 οἱ
952 2981 1004 3071 ἐφ’
1022 2983 1177 3073 Ἡγησίου
1201 2982 1362 3074 ἄρχοντος

237 3091 497 3181 παραλαβούσης
524 3098 584 3179 τῆς
605 3089 738 3170 πόλεως
760 3088 841 3168 τους
864 3088 1024 3180 κωπ[εάς]
1047 3084 1092 3177 μὴ
1116 3083 1361 3177 ἁναφράφωσιν

238 3198 284 3276 είς
313 3194 377 3282 τήν
399 3188 522 3282 στήλην
546 3190 594 3285 [ἢ]
619 3190 637 3262 ὁ
661 3190 848 3281 γραμματεῖ
854 3221 869 3272 ς
891 3198 963 3260 τῶν
987 3192 1103 3260 ἕνδεκα
1124 3191 1168 3279 μὴ
1192 3186 1362 3278 δπολείφη

238 3293 305 3366 ἀπὸ
336 3301 398 3365 τοῦ
430 3290 624 3386 ὀφλήματος
654 3303 715 3366 τοῦ
751 3294 954 3375 Σωπόλιδος
987 3295 1026 3363 τδ
1060 3293 1258 3382 γιγνόμενον
1291 3299 1363 3362 των

239 3403 385 3469 κωπέων
407 3395 493 3468 κατὰ
515 3400 556 3468 τὰ
579 3401 785 3489 ἐψηφισμένα
808 3403 849 3483 τη
871 3405 977 3483 βουλῇ
997 3394 1159 3483 ὀφειλέτω
1176 3397 1362 3487 ἕ[κ]αίσίτος

239 3501 382 3594 oriunda]
402 3507 496 3572 XXX
520 3498 691 3593 δραχμ[δις]
714 3509 765 3590 τῷ
789 3502 960 3591 δημοσίίω]
984 3505 1041 3570 καί
1064 3499 1253 3592 [ὑπόδικος]
1277 3500 1362 3570 ἔστω

239 3602 418 3676 Σωπόλιδι
446 3610 501 3674 καί
527 3622 599 3685 τοῖς
622 3600 826 3685 Σωπόλιδος
849 3606 985 3684 οἰκείοις
1007 3611 1065 3692 τῆς
1088 3599 1277 3693 βουλήσεως
1298 3609 1361 3672 τοῦ

239 3704 400 3797 ἀργυρίου
429 3714 489 3796 τῆς
518 3715 613 3795 τιμῆς
642 3715 713 3776 τοῖν
743 3711 896 3776 κωπέων.
950 3710 985 3774 Si
1007 3710 1103 3792 igitur
1125 3710 1288 3774 navalium
1310 3729 1363 3774 eu-

239 3822 364 3880 ratores
393 3835 552 3880 remorum
583 3815 716 3898 pretium
748 3813 788 3880 de
819 3813 946 3878 nomine
975 3831 1038 3876 non
1061 3811 1284 3894 detraxissent,
1306 3813 1362 3877 So·

330 4073 355 4135 t)
372 4067 406 4124 el.
427 4066 606 4124 Schoemauu.
625 4066 660 4122 de
678 4067 797 4122 comitiis
816 4065 920 4121 Athon.
938 4082 965 4135 p.
976 4071 1015 4120 56.

326 4158 353 4220 2)
371 4153 487 4224 Lipsius
503 4157 542 4222 (p.
556 4157 620 4222 329)
637 4158 732 4208 monet
754 4151 885 4221 ospitalis
907 4151 1013 4208 indieiu
1037 4151 1091 4206 snb
1116 4150 1182 4205 divo
1207 4149 1301 4206 haberi
1320 4167 1363 4205 so-

240 4241 288 4296 litu
306 4254 377 4296 esse.
