3104 4758
1270 281 1311 352 λλ

186 464 288 550 polidi
311 460 519 544 βουλεύσεως
542 463 699 529 actionem
723 462 887 528 intendere
909 461 1005 527 licere
1028 467 1060 526 ct
1081 461 1113 524 in
1136 459 1209 523 illos
1232 466 1264 524 et
1279 459 1311 523 in

187 566 325 632 scribam
347 565 646 632 undeeimvirorum.
684 565 763 630 Inde
785 570 920 650 apparet
944 559 1152 644 βουλεύσεως
1176 558 1310 648 γραφὴν

187 675 292 736 aetam
316 688 395 750 esse,
423 669 449 733 si
474 669 545 752 quis
567 687 683 734 nomen
705 668 859 734 debitoris
882 666 1009 746 aerarii,
1040 685 1235 748 quamquam
1258 666 1311 731 de·

186 771 287 837 bitum
318 770 382 837 iam
414 771 573 855 solvisset,
607 793 670 836 non
695 770 916 856 expunxisset.
967 769 1058 847 Quod
1080 769 1133 850 iis,
1166 788 1249 851 quae
1271 768 1312 834 de

186 869 395 965 βουλεύσεως
419 877 530 958 γραφῇ
552 873 585 938 in
608 873 829 938 lracoratione
846 872 1006 952 dicuntur,
1024 876 1189 954 repugnat.
1227 871 1310 935 Nam

187 995 229 1042 ex
244 975 310 1062 §71
337 967 439 1062 (ἀλλὰ
459 972 670 1057 βουλεύσεως
693 972 754 1041 τὸν
766 965 1183 1062 Ἀλωαεκῆθενὶίοίστωνα
1198 968 1312 1038 διώκει

188 1079 254 1158 ναί,
278 1080 391 1166 φησίν·
417 1070 540 1157 ἀδίκως
563 1074 625 1164 γὰρ
647 1074 894 1164 μ’ἐγγέγοαφεν)
918 1096 1075 1162 apparere
1094 1075 1221 1141 videtur·
1235 1079 1313 1155 βου-

188 1177 334 1259 λεύσεως
357 1177 488 1268 γραφὴν
511 1182 543 1246 in
568 1201 638 1246 eum
662 1181 826 1245 intendere
849 1180 986 1263 licuisse,
1017 1179 1070 1262 qui
1094 1179 1313 1260 nomenoius,

188 1283 243 1367 qui
266 1285 392 1349 aerario
414 1284 494 1348 nilril
517 1284 664 1368 deberet,
678 1283 751 1348 delo
776 1284 861 1348 malo
884 1283 966 1347 inter·
985 1281 1129 1348 aerarios
1143 1281 1312 1347 retulisset.

187 1385 329 1468 Accedit,
360 1386 445 1468 quod
468 1387 703 1471 Harpocration
726 1407 750 1450 s.
773 1405 800 1450 v.
823 1380 1059 1469 φευδεγγραφή
1083 1383 1194 1449 eodem
1218 1382 1312 1447 modo

188 1486 328 1573 explicat
343 1489 597 1574 ψευδεγγηαφης
612 1489 783 1552 actionem:
808 1479 914 1571 ὄνομα
929 1486 1021 1572 δίκης
1036 1484 1136 1565 ἐστίν,
1159 1476 1201 1569 ἣν
1216 1485 1312 1550 εἰσία-

190 1608 245 1656 σιν
274 1587 307 1655 αί
334 1592 552 1676 γεγραμμένοι
576 1583 797 1676 sintellanem
828 1590 991 1674 δημοσίαν,
1026 1583 1071 1666 ὡς
1102 1605 1312 1673 καταψευσα-

186 1693 290 1778 μένου
320 1685 435 1759 αύτῶν
462 1699 525 1760 τοῦ
556 1690 788 1780 ἐγγράψαντας
810 1692 846 1758 έν
876 1696 917 1775 τη
946 1693 1055 1757 σανίδι
1084 1695 1125 1774 τῇ
1154 1683 1247 1776 παρὰ
1274 1694 1315 1774 τῇ

188 1795 261 1880 θεῷ
284 1796 427 1883 κειμένη,
452 1791 496 1874 ὡς
521 1791 644 1874 ἀδίκως
666 1795 886 1882 ἐγγραφέντες
908 1786 1055 1877 ὀφείλειν
1077 1797 1127 1880 τῷ
1151 1794 1314 1879 δημοσίηι,·

187 1897 221 1962 id
244 1899 329 1980 quod
347 1919 418 1964 cum
434 1904 529 1967 Arist.
547 1901 609 1986 §71
638 1900 790 1982 congruit,
813 1919 1009 1981 quamquam
1033 1899 1092 1962 hoc
1114 1898 1184 1963 loco
1206 1893 1316 1982 γραφὴ

191 2021 253 2064 non
275 2002 537 2089 φευδεγγοαφης,
560 2002 617 2068 sed
641 1996 849 2082 βουλεύσεως
872 2005 1073 2066 memoratur.
1121 1998 1223 2077 Quam
1247 2017 1312 2064 rem

192 2103 351 2185 quemodo
373 2105 535 2170 Braunius
557 2105 713 2189 disceptet
723 2104 757 2190 ¹),
778 2123 861 2168 nnnc
884 2103 1059 2168 videamus.

275 2205 416 2272 Primum
439 2207 670 2292 respiciendum
695 2227 766 2274 esse
789 2206 900 2272 statuit
922 2206 1012 2271 illam
1035 2206 1314 2289 grammaticorum

191 2308 278 2392 apud
307 2309 594 2394 Harpocrationem
626 2310 871 2394 explicationem
903 2308 1038 2374 aetionis
1061 2309 1314 2392 φευδεγγοαφῆς

88 2497 91 2503 ¹
189 2407 320 2477 fluxisse
349 2432 367 2478 e
397 2413 535 2498 Lycurgi
566 2414 709 2479 oratione
739 2413 810 2479 adv,
842 2411 1090 2494 Aristogitonem
1121 2409 1232 2474 habita
1261 2409 1315 2492 (ef.

188 2515 443 2598 Harpocran.
467 2513 639 2603 έγγοαφη).
691 2519 772 2581 Τοιιι
811 2535 829 2581 e
864 2515 985 2580 Suidae
1018 2514 1124 2580 verbis
1158 2533 1314 2598 apparere

189 2617 372 2702 Lycurgum
404 2619 573 2683 discrimen
604 2619 755 2683 statuisse
777 2618 859 2682 inter·
883 2616 1039 2682 actionem
1063 2617 1315 2703 φευδεγγοαφῆς

188 2725 221 2784 et
249 2716 458 2798 βουλεύσεως
488 2722 591 2806 (Suid.
613 2742 636 2788 s.
658 2737 687 2786 v.
718 2712 844 2805 ψευδὴς
874 2715 1038 2806 ε’γγηαφὴ·
1076 2720 1132 2785 καὶ
1160 2715 1222 2804 γὰρ
1247 2719 1315 2784 δια-

189 2822 337 2907 φέροντα
366 2824 500 2908 τίθησιν
536 2818 554 2887 ὁ
589 2824 808 2908 Λυκοῦργος).
864 2821 956 2900 duod
990 2843 1060 2887 cum
1095 2821 1249 2886 Libanius
1281 2821 1315 2884 in

189 2934 380 3008 argumento
403 2927 529 2991 duabus
552 2927 790 3009 Aristogitoniis
813 2925 1009 2990 orationibus
1033 2924 1237 2989 Demostheni
1261 2923 1315 2988 ad-

190 3029 321 3112 scriptis
344 3029 522 3113 praemisso
546 3029 673 3093 omnino
691 3029 931 3112 praetermittat,
956 3028 1114 3091 Braunins
1133 3027 1315 3109 suspicatur

189 3131 382 3216 Lycurgum,
406 3133 495 3196 cuius
519 3133 621 3196 oratio
645 3132 782 3196 Libanio
805 3138 934 3215 praesto
958 3137 1035 3211 erat,
1067 3130 1168 3194 obiter·
1189 3136 1313 3193 tuntum

189 3233 445 3320 φευδεγγοαφῆς
474 3235 609 3299 actionis
639 3233 832 3299 mentionem
855 3233 982 3310 secisse,
1013 3231 1183 3296 Libanium
1207 3237 1314 3296 autem

191 3337 274 3402 inter
301 3337 387 3401 illius
417 3346 448 3402 et
477 3336 571 3401 huius
599 3337 754 3401 orationis
783 3336 882 3400 verbe
905 3335 1026 3399 nullam
1046 3333 1315 3398 animadvertisse

192 3439 460 3523 discrepantiam,
483 3439 643 3520 accedere,
666 3438 752 3521 quod
768 3446 880 3502 auctor
896 3436 1049 3501 orationis
1066 3435 1315 3518 Aristogitoniue

191 3542 307 3626 prioris
329 3561 399 3606 cum
425 3541 466 3607 de
488 3533 697 3621 pentecostae
719 3541 844 3605 actione
872 3539 971 3620 dicat,
1003 3557 1161 3620 nusquam
1184 3537 1316 3602 alterius

191 3645 384 3710 mentionem
416 3644 524 3710 faciat.
577 3644 714 3709 Causam
746 3663 834 3722 vero,
868 3661 967 3724 quare
991 3643 1157 3725 Lycurgus
1180 3641 1315 3704 alteram

191 3749 350 3814 actionem
382 3747 423 3812 ab
453 3748 557 3812 altera
587 3747 716 3812 differre
748 3745 916 3824 monuerit,
950 3743 1033 3808 hanc
1055 3741 1214 3809 Braunius
1244 3761 1316 3808 esse

191 3851 385 3935 suspicatur:
430 3859 596 3932 oratorem,
637 3869 706 3914 cum
738 3847 983 3930 Aristogitonem
1020 3847 1139 3910 iniuria
1175 3846 1316 3909 Aristoni

190 3946 400 4036 βουλεύσεως
448 3953 620 4034 actionem,
665 3952 839 4018 intendisse
884 3951 1018 4032 diecret,
1061 3949 1316 4033 φευδεγγηαφῆς

191 4057 342 4140 actionis,
371 4064 405 4122 ut
435 4077 533 4140 quarn
557 4057 659 4121 solam
682 4057 715 4120 in
738 4055 799 4120 hac
819 4073 920 4118 causa
944 4053 990 4117 illi
1012 4051 1178 4117 intendere
1200 4051 1317 4130 liceret,

191 4213 395 4224 ————.

283 4280 309 4342 l)
326 4293 353 4347 p.
367 4281 407 4332 35.
