3104 4758
1273 261 1313 324 25

192 440 357 517 comparat
393 433 656 496 Westermannus
693 452 761 496 curn
801 433 895 498 Arist.
922 453 952 516 p.
969 434 1028 496 798
1052 430 1127 517 §93
1145 452 1203 514 sq.;
1242 432 1314 496 Diu.

192 558 222 621 p.
237 539 278 600 79
300 541 354 618 §l
379 535 481 620 εἰμὲν
497 527 558 599 οὖν
574 540 647 599 κτλ.
673 554 742 599 cunr
766 535 859 601 Arist.
876 556 905 618 p.
920 533 1117 620 772§1eet
1132 540 1228 618 p.771
1249 540 1316 634 §73

192 640 265 704 Din.
287 660 317 722 p.
334 636 472 722 S8§19
504 646 582 702 extr.
619 657 690 701 cum
726 639 822 702 Arist.
845 658 874 720 p.
891 641 951 700 799
974 641 1059 719 §aa
1112 637 1199 716 Quos
1232 640 1315 703 inter

191 743 278 806 locos
307 757 502 823 quamquam
533 748 619 824 certe
641 739 815 803 similitudo
838 739 1017 821 intercedit,
1051 741 1085 804 id
1108 741 1194 822 quod
1217 741 1315 805 Brau-

192 843 264 908 nius
285 851 393 926 negat,
422 849 529 907 tamen
554 844 733 907 sententiae
755 843 838 906 tales
862 849 942 925 sunt,
971 850 1005 906 ut
1028 850 1139 906 auctor
1161 843 1315 907 orationis

191 945 401 1011 Demostheni
423 945 607 1028 adscriptae
629 965 686 1010 eas
709 945 849 1028 proferre
873 946 1010 1028 potuerit
1032 965 1136 1027 neque
1160 945 1311 1010 Dinarchi

192 1049 367 1114 orationem
391 1047 512 1130 legerit.

277 1152 345 1215 Hoc
375 1151 468 1216 modo
498 1150 526 1214 si
554 1158 664 1215 auctor
686 1151 808 1234 omma,
841 1171 924 1232 quae
947 1151 987 1214 de
1010 1150 1227 1233 Aristogitone
1250 1171 1313 1215 me-

192 1255 315 1320 moriae
338 1254 458 1318 tradita
481 1260 584 1337 erant,
614 1253 789 1335 congessit,
820 1273 883 1316 non
906 1261 956 1318 est
976 1253 1155 1318 mirandum
1179 1253 1258 1318 nihil
1281 1254 1313 1317 in

191 1357 337 1422 oratione
366 1358 484 1438 inesse,
521 1357 606 1439 quod
641 1377 711 1420 curn
744 1357 927 1438 aequalium
962 1356 1153 1421 testimoniis
1185 1364 1313 1440 pugnet.

192 1460 243 1522 Ita
274 1459 340 1524 lieri
372 1458 486 1542 potuit,
520 1465 554 1521 ut
577 1465 688 1522 auctor
710 1478 772 1521 nrm
796 1458 933 1522 nesciret
955 1457 1167 1524 Philocratem
1192 1459 1312 1524 Eleusi·

193 1561 292 1642 nium,
315 1560 583 1645 improbissimum
607 1559 777 1640 hominem,
795 1561 1022 1643 Aristogitonis
1044 1563 1143 1627 fuisse
1157 1561 1312 1626 fautorem

192 1669 223 1728 et
252 1662 429 1729 adiutorem
461 1665 608 1746 (pitis),
642 1670 676 1726 ut
706 1684 768 1726 non
798 1665 933 1728 nesciret
962 1664 1019 1730 illa
1043 1684 1126 1747 quae
1149 1665 1189 1729 de
1213 1663 1314 1728 Zobia

192 1772 362 1830 narrantur
400 1765 441 1850 (p.
470 1769 558 1847 787),
595 1787 679 1848 quae
715 1765 755 1831 dc
793 1767 952 1832 'Pheeride
989 1767 1129 1832 venefica
1165 1767 1314 1831 dicuntur

192 1873 235 1951 (p.
252 1868 335 1953 793),
357 1860 566 1947 βουλεύσεως
589 1869 629 1932 ah
653 1870 870 1951 Aristogitone
892 1877 1079 1934 accusatum
1101 1889 1173 1936 esse
1193 1871 1313 1935 Aristo-

191 1989 264 2035 nem
287 1972 330 2056 (p.
346 1969 431 2050 791).
476 1971 734 2037 Consentaneum
758 1977 806 2036 cst
831 1979 990 2036 auctorem
1016 1993 1055 2036 ne
1077 1973 1155 2038 illud
1183 1973 1311 2055 quidem

191 2073 383 2155 neglexisse:
421 2073 668 2156 Aristogitonem
705 2069 935 2157 χαλκοτύπον,
973 2071 1196 2158 σκυλόδεψον,
1232 2074 1313 2139 alios

191 2194 368 2257 accusasse,
399 2176 483 2257 qued
507 2175 584 2240 mihi
608 2176 735 2257 quidem
761 2177 865 2261 potius
888 2176 993 2242 fictum
1017 2197 1088 2242 esse
1110 2177 1244 2254 videtur,
1273 2197 1313 2242 ne

190 2280 292 2343 oratio
326 2278 487 2344 videretur
519 2278 661 2344 caruisse
694 2279 765 2344 luce
797 2280 923 2346 forensi.
978 2281 1150 2346 Praeterea
1183 2281 1214 2344 in
1251 2280 1311 2346 hae

190 2382 333 2446 oratioue
356 2388 475 2464 ,partes
506 2381 664 2463 quasdam
698 2402 718 2445 a
757 2382 969 2448 Demosthene
1005 2384 1076 2466 ipso
1115 2385 1312 2466 conscriptas

189 2485 295 2550 inesse
317 2485 468 2568 suspicor,
491 2505 555 2566 qua
578 2485 617 2549 de
640 2504 673 2549 re
696 2484 780 2548 infra
803 2485 917 2568 (licam,
940 2507 1009 2550 cunr
1034 2488 1192 2568 quomodo
1209 2487 1311 2550 oratio

190 2589 273 2653 inter
295 2587 561 2652 Demosthenicas
582 2587 770 2672 peruenerit,
793 2588 1005 2674 inquir·etur·.¹)

276 2691 325 2756 Ne
355 2692 387 2755 id
411 2690 537 2773 qnidam
562 2697 647 2755 recte
669 2691 839 2774 protulisse
861 2691 938 2756 mihi
961 2693 1119 2774 videntur,
1152 2694 1206 2774 qui
1230 2694 1312 2758 hanc

190 2794 366 2859 orationem
390 2813 423 2858 re
446 2813 522 2858 vera
537 2793 671 2858 Athenis
693 2794 726 2858 in
749 2795 817 2858 foro
842 2794 982 2860 habitam
1004 2815 1075 2860 esse
1092 2796 1210 2878 volunt,
1232 2795 1311 2860 nihil

188 2897 308 2977 inesse,
345 2897 429 2978 quod
460 2896 501 2959 ah
532 2917 591 2960 usu
622 2897 916 2979 consuetudineque
946 2897 1024 2963 iuris
1058 2898 1181 2979 forique
1215 2898 1311 2963 Attici

189 2999 397 3082 abhorreatl)
442 2997 645 3080 Inquiramus
666 2998 699 3062 in
722 2999 866 3082 singulas
889 2998 974 3084 res.³)

276 3102 355 3166 Oum
385 3119 496 3166 omnes
526 3100 583 3164 alii
611 3101 783 3184 scriptores
810 3101 941 3166 tradant
963 3102 1231 3185 Areopagitarum
1255 3102 1309 3184 qni

189 3204 305 3268 dicitur
336 3209 482 3268 senatum
517 3203 688 3271 convenire
722 3203 849 3268 solitum
884 3223 955 3268 csse
982 3203 1015 3266 in
1044 3204 1156 3268 Martis
1189 3204 1311 3286 collem,

190 3311 301 3370 auctor
332 3304 427 3370 huius
456 3305 608 3369 orationis
631 3324 702 3370 eum
726 3305 758 3371 in
782 3307 905 3389 regiam
928 3306 1115 3372 convenisse
1139 3307 1311 3372 contendit.

190 3407 294 3485 Quam
317 3407 535 3474 difficultatem
552 3407 711 3473 Braunius
734 3407 779 3472 sic
801 3408 967 3493 disceptat.
1012 3409 1091 3473 Cum
1112 3409 1308 3474 comitiorum

190 3510 277 3575 locus
306 3511 412 3595 priore
441 3518 549 3576 aetate
574 3512 664 3596 Pnyx
695 3510 818 3592 luisset,
851 3512 915 3576 iam
939 3510 1166 3577 Demosthenis
1194 3519 1310 3594 aetate,

189 3634 259 3678 cum
283 3613 503 3694 Athenienses,
525 3620 679 3695 quantum
701 3620 840 3697 possent,
864 3614 1080 3679 commoditati
1102 3617 1310 3698 consulerent,

189 3717 284 3782 modo
314 3718 346 3781 in
377 3715 500 3782 theatro
530 3715 648 3780 Bacchi
679 3716 720 3781 ad
752 3717 922 3781 videndum
945 3719 1204 3799 audiendumque
1226 3739 1310 3783 com-

188 3820 345 3903 modiore,
375 3819 469 3884 modo
499 3819 532 3882 in
554 3819 703 3902 Piraeeo,
740 3819 814 3883 aliis
842 3818 921 3884 locis
951 3839 991 3886 ea
1013 3819 1125 3885 hahita
1146 3841 1218 3886 esse
1239 3841 1310 3885 oon·

276 3992 303 4142 ii
319 3994 458 4129 {titinius
477 4090 504 4143 p.
518 4079 558 4128 31.
596 4073 713 4132 Weilins
732 4092 758 4143 p.
775 4079 800 4129 6.

275 4164 302 4227 3)
319 4160 362 4214 Da
380 4160 424 4228 iis,
442 4175 513 4228 quae
532 4166 695 4228 sequuntur,
714 4157 751 4214 cf.
769 4159 858 4228 lipsii
871 4160 1128 4215 commentationem
1142 4159 1251 4223 „Ueber
1263 4161 1309 4215 die

189 4243 357 4300 Unechtheit
376 4244 425 4299 der
442 4244 464 4298 I.
479 4245 558 4300 Rede
576 4259 668 4313 gagen
686 4244 787 4299 Arist.“
806 4244 964 4314 (Leipziger
981 4244 1099 4300 Studien
1111 4244 1309 4316 v1,aresqq.).
