3136 4758
259 235 298 296 16

258 423 317 485 „au
346 403 462 468 niroau
486 401 542 466 des
564 401 784 484 intelligentes
806 400 1016 485 populaires“,
1037 400 1206 466 sedetiam
1226 400 1380 485 populum

257 508 369 572 ellerre
391 510 430 587 „a
452 507 485 568 la
508 505 641 569 hauteur·
663 504 721 568 ‹lcs
744 505 817 587 plns
839 503 951 567 nobles
973 503 1202 586 conceptions“.
1245 504 1294 568 Ne
1318 504 1380 570 bac

258 609 386 690 quidem
411 608 499 671 inre
525 607 640 671 Weilio
664 605 830 672 assentior.
875 604 953 682 Quis
975 607 1058 670 enim
1083 611 1172 688 putet
1192 606 1380 671 Demosthe·

258 731 330 776 nein
361 718 427 773 tam
458 709 545 773 inani
576 708 738 772 cantilena
767 728 857 771 usum
887 727 971 789 esse,
1001 727 1066 789 qua
1094 708 1214 773 indices
1236 715 1381 774 moneret

257 811 462 876 oboedientia
484 813 588 892 legum
613 811 766 874 contineri
790 810 924 874 salutem
957 810 1065 875 urbis?
1109 811 1258 876 Breviorc
1280 819 1379 894 atque

257 915 405 998 graviore
434 913 578 978 oratione
609 912 747 977 iudicum
783 913 909 976 animos
943 913 1042 976 multo
1079 914 1181 994 magis
1218 916 1379 995 movisset,

257 1036 353 1099 quam
370 1016 430 1081 bac
445 1024 509 1080 tam
528 1033 613 1080 vana
629 1015 870 1080 declamatione.
911 1014 1045 1081 Weilius
1061 1016 1190 1097 quidem
1206 1017 1380 1100 respondet

256 1125 412 1184 oratorem
447 1118 558 1183 eodem
594 1117 687 1181 modo
720 1117 820 1181 multa
853 1116 949 1182 verba
977 1117 1091 1182 fecisse
1120 1119 1160 1183 de
1190 1119 1315 1200 legibus
1346 1119 1379 1184 in

257 1221 400 1286 oratione
438 1221 593 1284 Midiana.
646 1223 688 1284 At
721 1227 872 1299 quantum
907 1220 1039 1284 interest
1070 1219 1153 1286 inter
1184 1221 1257 1284 illos
1291 1220 1379 1286 locos

257 1323 420 1389 Midianae
449 1331 481 1388 et
513 1321 570 1386 bos
592 1322 852 1405 Aristogitoniae3
882 1324 967 1404 quod
990 1343 1052 1404 quo
1076 1323 1191 1388 melius
1214 1323 1379 1406 intellega-

257 1434 321 1510 tur,
351 1447 390 1491 ex
421 1433 555 1508 utraque
585 1425 729 1488 oratione
759 1425 831 1508 ipsa
854 1425 1077 1489 Demosthenis
1107 1425 1206 1490 verba
1228 1425 1379 1491 afferam:

251 1528 394 1610 ‹Aristop
411 1529 468 1612 1,§
487 1533 609 1592 15-17
633 1517 739 1612 (Ἅπας
762 1520 780 1591 ὃ
803 1531 873 1592 τῶν
896 1518 1084 1610 ‹ivdooirrcov
1107 1528 1251 1606 βίος
1276 1526 1380 1613 φανή-

256 1630 375 1718 σεται);
399 1630 474 1694 Mid.
489 1629 508 1715 ξ
522 1633 668 1694 aaa-24
691 1629 715 1714 (:
731 1630 795 1696 Kal
819 1626 882 1714 γὰρ
904 1679 911 1694 .
927 1683 934 1696 .
951 1680 957 1694 .
979 1630 1035 1694 καὶ
1050 1624 1140 1714 ὑμεῖς
1155 1643 1225 1707 τοῖς
1241 1626 1380 1714 νόμοις).

256 1732 318 1796 Illa
351 1732 610 1817 philosophorum
646 1752 733 1796 more
765 1733 852 1797 dicta
886 1739 970 1796 sunt:
1008 1753 1069 1795 non
1104 1752 1144 1797 ea
1176 1733 1216 1798 de
1252 1734 1380 1814 legibus

255 1835 416 1912 dicuntur,
450 1855 533 1916 quae
563 1854 664 1899 eausa
692 1853 845 1918 praesens
874 1834 1027 1917 postulat,
1059 1835 1115 1898 sed
1139 1835 1171 1897 in
1195 1834 1378 1900 universum

254 1936 342 2020 leges
364 1937 565 2002 definiuntur.
609 1937 678 2000 Hoc
700 1923 808 2000 contra
832 1936 901 1999 loco
925 1955 964 2000 ex
986 1935 1131 2030 Midiana
1153 1937 1322 2020 desumpto
1345 1937 1379 2001 id

255 2041 359 2124 ipsum
391 2039 506 2104 dieitur·
533 2039 573 2104 de
601 2039 740 2122 legibue,
773 2039 857 2119 quod
889 2057 988 2103 causa
1018 2058 1172 2122 praesens
1201 2039 1378 2104 desiderat:

254 2143 322 2227 „Ne
353 2142 557 2208 deserueritis
588 2161 650 2206 me:
684 2161 742 2206 ros
772 2141 857 2206 enim
885 2141 974 2225 ipsos
1000 2142 1205 2224 deserar-etim
1241 2161 1379 2206 nonme

163 2314 167 2322 ,
255 2265 351 2310 unum
381 2243 498 2308 Midias
526 2243 631 2326 laesit,
664 2244 720 2308 sed
751 2263 874 2327 omnes,
906 2244 959 2324 qni
990 2243 1140 2308 iniuriam
1173 2243 1283 2308 ulcisci
1314 2264 1378 2308 non

254 2365 351 2431 posse
372 2347 527 2411 videntur.
572 2345 621 2410 Ne
644 2365 694 2410 me
716 2345 768 2410 isti
791 2345 1002 2429 tradideritis3
1025 2346 1103 2428 quid
1126 2347 1210 2410 enirn
1226 2352 1276 2410 est
1291 2346 1380 2430 illud,

255 2449 342 2532 quod
364 2449 498 2514 salutern
521 2449 671 2531 omnium,
693 2447 914 2513 auctoritatem
938 2447 1078 2513 iudicum
1101 2448 1228 2514 tuetur?
1266 2450 1380 2532 Leges.

254 2556 298 2616 At
326 2551 413 2635 leges
443 2550 534 2616 robis
557 2571 620 2614 non
643 2556 735 2616 erunt
756 2549 933 2634 praesidio„
962 2549 1023 2635 nisi
1045 2570 1102 2617 aas
1124 2551 1259 2617 coletia.“
1304 2552 1378 2618 Vim

255 2661 353 2738 atque
383 2653 606 2720 auctoritatem
637 2653 743 2737 legum
774 2660 881 2718 orator
903 2653 1010 2720 verbis
1032 2655 1079 2718 ita
1102 2654 1260 2739 expressit
1281 2661 1379 2737 atque

254 2756 392 2841 effinxit,
429 2763 463 2822 ut
500 2761 666 2838 tamquam
704 2755 870 2822 animatae
904 2775 974 2821 esse
1007 2756 1185 2822 videantur.
1238 2757 1380 2839 Accedit,

256 2861 342 2942 quod
372 2860 603 2925 Demosthenes
629 2857 747 2924 talibus
777 2859 855 2923 locis
890 2878 911 2922 a
944 2859 1079 2942 singulis
1114 2859 1207 2925 rebus
1239 2860 1380 2925 transire

255 2963 336 3028 solet
364 2963 407 3028 ad
435 2962 617 3046 generalem
649 2961 857 3043 sententiam,
889 2981 972 3043 quae
995 2962 1059 3026 illis
1082 2962 1258 3028 illustretur·
1279 2970 1378 3046 atque

255 3065 505 3150 intellegatur¹);
542 3063 600 3130 sed
632 3064 687 3129 illo
721 3064 790 3129 loeo
824 3083 864 3130 ex
897 3064 1129 3146 Aristogitonia
1160 3065 1326 3150 desumpto
1356 3086 1379 3130 a

255 3168 398 3252 generali
420 3167 581 3234 sententia
604 3165 757 3232 transitur
779 3166 823 3233 ad
844 3187 921 3252 rem,
942 3167 983 3232 de
1005 3187 1070 3249 qna
1092 3167 1207 3251 agitur,
1234 3168 1266 3232 id
1290 3170 1379 3252 quod

255 3271 392 3337 Weilius
415 3290 540 3354 quoque
563 3270 827 3356 animadvertit.²)

342 3373 524 3438 Nonnullae
545 3373 578 3437 in
603 3371 663 3436 bac
685 3371 830 3437 oratione
852 3373 1056 3438 inveniuntur
1078 3373 1270 3456 sententiae,
1291 3393 1378 3456 quae

257 3497 278 3542 a
295 3473 521 3540 Demosthenis
542 3474 682 3539 moribus
698 3473 825 3538 omnino
842 3473 1042 3540 abhorreant.
1087 3477 1127 3556 ἕξ
1144 3476 1285 3540 88—89:
1308 3495 1378 3542 con·

256 3578 397 3645 cordiam
428 3577 637 3642 domesticam
669 3595 707 3640 eo
738 3576 901 3658 sustineri,
934 3581 1020 3660 quod
1050 3583 1159 3661 patres
1188 3577 1378 3662 indulgeant

256 3681 413 3748 interdurn
436 3680 578 3764 peccatis
593 3679 738 3760 liliorum,
760 3680 817 3745 filii
833 3679 978 3764 patribus
994 3679 1109 3746 nesciis
1130 3687 1276 3765 peccent:
1299 3682 1375 3748 item

257 3785 344 3850 cives
365 3784 447 3849 inter
470 3802 505 3847 sc
527 3781 684 3847 interdum
707 3782 848 3867 peccatis
871 3782 1036 3866 indulgere
1062 3801 1193 3848 necesse
1222 3802 1311 3862 esse,
1343 3794 1379 3850 ut

257 3885 428 3953 concordia
452 3886 557 3951 civilis
573 3886 778 3952 sustineatur.
822 3886 936 3950 Afferri
952 3890 1057 3970 potest
1072 3885 1169 3950 etiam
1184 3885 1273 3968 illud,
1290 3889 1378 3969 quod

343 4131 369 4192 1)
386 4126 442 4179 vid.
461 4123 549 4180 Blass.
570 4123 630 4178 Att.
649 4122 762 4178 Beredr.
781 4122 859 4178 lIIA
878 4139 904 4192 p.
920 4128 975 4178 178.

342 4209 524 4278 Dtcpb
