3104 4758
1252 271 1292 334 23

258 439 348 519 Quod
381 461 452 506 enm
481 441 513 504 in
544 440 772 506 dubitationem
803 441 911 506 vorari
941 461 1003 505 non
1032 439 1132 523 possit
1155 439 1249 504 simul
1272 460 1293 503 a

171 546 319 628 Lyeurgo
352 551 384 608 et
415 564 436 608 a
472 542 688 609 Demosthene
716 544 964 626 Aristogitonem
996 549 1181 607 accusatum
1212 561 1292 620 esse,

172 646 266 728 haee,
297 666 394 728 quarn
426 667 483 710 nos
506 647 677 727 habemus,
708 647 812 711 oratio
843 653 897 712 sut
927 667 946 710 a
978 645 1192 711 Demosthene
1221 643 1291 728 ipso

171 747 352 833 eonseripta
390 754 453 832 est,
491 749 524 812 id
559 749 644 831 quod
681 748 869 814 incredibile
904 767 974 814 esse
1005 747 1184 814 ostendisse
1213 745 1291 810 mihi

171 851 296 931 videor,
325 857 381 916 aut
411 872 431 916 a
462 851 594 916 falsario
623 851 749 934 aliquo,
785 851 839 933 qui
871 849 1094 916 Demosthenis
1129 856 1230 914 artem
1260 857 1293 914 et

169 973 271 1038 genus
301 954 427 1019 dieendi
458 954 563 1018 studio
594 954 737 1020 imitatus
767 963 824 1020 est.
880 953 1036 1034 Aequalis
1066 952 1291 1017 Demosthenis

171 1077 242 1122 eam
267 1056 386 1122 habere
408 1077 472 1122 non
493 1057 606 1140 potnit.

256 1159 432 1241 Aequalem
457 1159 680 1226 Demosthenis
711 1179 782 1224 esse
811 1166 972 1225 auetorem
1004 1159 1072 1222 alia
1101 1177 1227 1240 quoque
1250 1157 1291 1222 de

169 1283 269 1329 eausa
298 1284 360 1328 non
389 1270 438 1327 est
460 1263 647 1347 putandum.
692 1262 828 1343 Multae,
852 1270 1006 1346 utsupra
1030 1261 1233 1341 dictumest,
1257 1260 1289 1324 in

169 1364 230 1431 hae
253 1366 396 1430 oratione
418 1367 526 1430 insunt
549 1367 735 1448 sententiae,
758 1385 841 1447 quae
864 1365 915 1429 vel
936 1364 1051 1429 iisdem
1067 1364 1118 1429 vel
1133 1362 1291 1427 similibus

168 1469 277 1532 verbis
306 1487 482 1551 expressae
510 1467 543 1530 in
573 1467 646 1532 aliis
677 1486 803 1549 quoque
835 1465 1058 1532 Demosthenis
1093 1464 1290 1530 orationibus

167 1577 304 1636 exstant.
356 1570 448 1646 Quod
478 1569 546 1634 lieri
569 1590 632 1634 non
656 1571 774 1653 potuit,
803 1569 864 1634 nisi
888 1576 943 1633 aut
966 1567 1197 1634 Demosthenes
1220 1568 1291 1650 ipse

169 1673 324 1737 orationis
348 1678 529 1737 auctorest
552 1684 607 1736 aut
630 1672 756 1753 aliquis,
779 1671 833 1754 qui
857 1673 927 1736 eins
950 1691 1012 1734 non
1036 1670 1137 1734 solnm
1161 1669 1289 1733 dieendi

168 1795 285 1858 genus,
314 1775 491 1840 sedetiam
521 1774 697 1840 sententias
720 1775 780 1839 sibi
804 1774 961 1838 imitanda
990 1773 1161 1857 proposuit.
1206 1771 1289 1835 lllud

168 1897 231 1942 non
265 1878 444 1961 putandum
480 1896 550 1942 esse
579 1876 685 1962 priore
716 1883 806 1960 parte
844 1876 1024 1941 ostendisse
1053 1873 1130 1940 mihi
1164 1873 1288 1950 videor;

168 1979 227 2045 hoe
250 1993 357 2044 autem
381 1978 422 2042 ab
445 1986 570 2043 oratore
593 1978 724 2059 aequali
746 1979 866 2043 laetum
889 1998 961 2043 esse
977 1977 1048 2060 quis
1064 1977 1176 2061 potet?
1200 1995 1289 2061 prae·

168 2083 275 2147 sertim
299 2102 368 2146 eum
392 2081 563 2145 nonnullas
586 2080 776 2163 sententias,
799 2101 880 2162 quas
903 2080 935 2144 in
959 2081 1018 2145 hae
1041 2080 1198 2160 oratione,
1220 2099 1288 2143 eas·

167 2186 239 2250 dem
263 2184 464 2250 inveniamus
486 2184 519 2248 in
535 2182 688 2261 Midiana,
711 2201 794 2266 qnae
818 2183 851 2246 in
874 2185 977 2248 lucem
1002 2203 1064 2247 non
1086 2182 1205 2265 prodiit
1228 2181 1289 2246 nisi

167 2287 383 2353 Demosthene
406 2294 538 2351 mortuo.
1117 2271 1118 2274 ¹

251 2389 325 2457 Alia
361 2396 531 2474 praeterea
575 2397 623 2456 est
667 2409 779 2469 eausa,
816 2407 881 2470 qua
914 2386 1069 2469 adducor,
1114 2394 1147 2452 ut
1180 2393 1288 2470 putem

166 2492 286 2556 forensi
309 2491 379 2556 luee
402 2491 541 2556 caruisse
565 2492 648 2556 hane
671 2491 856 2556 orationem.
902 2490 1071 2555 Permultis
1095 2489 1180 2554 enim
1202 2489 1290 2570 loeis,

167 2601 201 2659 ut
229 2595 293 2658 iam
325 2613 423 2677 supra
455 2593 574 2659 dietum
597 2602 658 2678 est,
691 2595 724 2658 in
747 2592 931 2661 universum
955 2592 1070 2657 dieitur
1093 2591 1133 2656 de
1156 2591 1289 2674 legibus,

166 2697 342 2761 afferuntur
364 2696 424 2761 loei
447 2716 639 2775 communes,
662 2698 702 2762 de
724 2696 927 2780 improbitate
943 2695 1168 2778 Aristogitonis
1189 2694 1288 2760 rerba
1359 2757 1363 2766 ,

166 2800 259 2882 fiunt,
291 2799 367 2865 alia.
420 2800 513 2863 Duae
542 2800 637 2863 modo
664 2807 773 2883 partes
795 2800 923 2864 omnino
947 2799 1031 2863 alius
1053 2797 1180 2881 generis
1203 2804 1286 2863 sunt:

166 2901 347 2988 §§6tl—lt
379 2922 463 2966 nova
493 2910 682 2984 argumenta
712 2902 765 2984 iis,
803 2921 885 2984 quae
907 2903 1073 2985 Lyeurgus
1101 2901 1287 2984 protulerat,

164 3005 391 3087 adiunguntur,
428 3002 468 3089 ἐξ
491 3007 612 3068 54-61
647 3005 823 3070 ostenditur
853 3024 949 3086 quam
978 3004 1112 3088 turpiter
1142 3003 1288 3068 omnihus

166 3107 362 3192 temporibus
377 3107 574 3191 Aristogiton
598 3127 633 3172 se
655 3109 798 3190 gesserit.
842 3109 911 3172 Hae
934 3107 1028 3172 modo
1046 3113 1154 3190 partes
1171 3106 1288 3188 dignae

166 3218 240 3275 sunt
276 3217 401 3275 oratore
434 3210 466 3275 in
501 3211 568 3274 foro
605 3210 796 3294 exercitato,
834 3229 947 3275 omnes
976 3209 1061 3273 aliae
1096 3229 1116 3273 a
1153 3208 1288 3273 forensis

167 3311 368 3395 eloquentiae
391 3319 507 3378 natura
530 3333 569 3378 ae
591 3333 679 3377 more
702 3313 753 3377 rel
777 3312 916 3377 maximo
939 3310 1118 3376 abhorrent.

251 3416 302 3480 llli
326 3435 401 3480 vero
425 3415 485 3479 riri
508 3415 601 3498 doeti,
624 3416 679 3499 qui
703 3416 785 3480 hano
808 3415 986 3479 orationem
1009 3413 1042 3478 in
1057 3414 1126 3478 foro
1143 3413 1286 3478 habitam

166 3537 236 3583 esse
259 3523 381 3600 putant,
413 3525 447 3580 ut
471 3517 614 3598 Weilius‚
648 3517 794 3598 Cebetas,
826 3516 995 3597 Braunius,
1026 3517 1108 3581 hane
1130 3515 1288 3601 imprimis

166 3620 303 3685 afferunt
348 3639 492 3684 eausam:
536 3619 764 3703 peritissimum
809 3639 880 3685 esse
924 3629 1084 3685 auotorem
1124 3619 1285 3684 hominum

165 3743 331 3804 rerumque
354 3722 577 3807 aequaliuml)
629 3722 693 3788 Sed
716 3741 756 3786 ne
779 3741 819 3786 ea
843 3722 969 3803 quidem
993 3741 1029 3788 re
1051 3723 1124 3787 illos
1147 3743 1288 3806 compro-

166 3827 261 3890 basse
299 3831 389 3908 puto‚
426 3823 511 3905 quod
549 3825 666 3890 volunt.
723 3826 982 3890 Consentaneum
1012 3825 1096 3890 enim
1127 3833 1176 3890 est
1205 3844 1286 3905 enm,

166 3929 221 4010 qui
252 3927 336 3992 hane
365 3926 540 3992 orationem
574 3929 666 4009 quasi
702 3926 981 3992 Demosthenioam
1017 3927 1215 4010 conseripsit,
1254 3934 1288 3990 ut

166 4029 390 4095 Demosthenis
420 4049 589 4114 personam
625 4030 685 4094 sibi
719 4049 816 4112 qnam
851 4029 992 4094 maxime
1023 4029 1287 4110 accommodaret,

253 4255 283 4318 1)
301 4249 418 4305 Weillus
436 4268 462 4320 p.
477 4257 500 4305 6.
537 4250 633 4306 Cobet.
651 4268 679 4320 p.
692 4255 789 4320 575sq.
826 4250 964 4305 Brennins
982 4267 1009 4319 p.
1023 4254 1104 4319 32sq.
