3104 4758
237 223 277 284 30

236 396 447 458 accusaverat
477 405 580 473 neque
612 389 762 454 credibile
791 395 840 455 est
869 405 970 472 genus
999 390 1174 455 accusandi
1203 395 1359 456 mutatum

237 513 316 560 csso.
362 494 533 558 Praeterea
557 493 582 555 si
606 491 672 556 fieri
696 492 806 576 potuit,
834 500 867 554 ut
892 491 1086 573 Aristogiton
1110 493 1165 556 illo
1187 492 1362 558 accusandi

236 615 366 680 genero,
398 615 460 677 qno
484 595 648 677 Lycurgus
680 593 838 676 utebatur,
872 593 1149 670 condemnaretur,
1183 615 1244 658 uon
1267 595 1362 659 video

238 719 379 778 eausam,
403 716 467 778 qun
490 697 627 780 populus
650 696 764 761 ductus
787 716 845 759 sun
868 702 981 779 sponte
1007 696 1052 759 illi
1076 691 1284 781 συνηγόρους
1307 696 1362 760 ud-

237 801 391 882 uiderim)
443 799 490 864 Ne
524 799 603 864 illud
635 798 762 881 quidem
794 797 947 862 traditum
980 807 1028 862 est
1058 799 1209 883 populum
1240 800 1271 864 in
1303 800 1361 863 illa

237 911 347 969 contra
370 923 426 968 sex
448 903 656 985 imperatores
681 922 780 966 cnusn
803 897 1011 986 συνηγόρους
1033 902 1181 984 elegisse,
1212 902 1267 967 scd
1292 921 1362 964 oru-

237 1015 322 1072 torcs
345 1012 466 1071 tentum
485 1004 687 1068 adhortatum
705 1023 784 1081 csso,
809 1009 843 1066 ut
858 1003 1021 1068 Socratem
1039 1011 1235 1069 accusarent.
1270 1003 1360 1082 Quod

238 1114 277 1175 dc
307 1110 365 1173 lroe
395 1108 465 1172 loco
489 1095 786 1185 Wcstermannus2)
818 1106 1011 1189 suspicatur,
1036 1106 1165 1188 dignum
1188 1112 1245 1184 est,
1276 1107 1361 1189 quod

238 1213 403 1277 afferetur:
427 1210 593 1293 deceptum
618 1215 779 1272 auctorem
804 1209 958 1272 orationis
981 1208 1092 1277 vorbis.
1116 1229 1199 1291 quse
1214 1209 1362 1292 legantur

237 1314 324 1398 opud
359 1311 553 1376 Dinarchum
588 1332 618 1394 p.
635 1315 674 1374 lb
703 1313 770 1390 §bs
808 1302 867 1376 ἐὰν
899 1312 961 1394 μὲν
993 1305 1083 1397 ἡμεῖς
1116 1316 1148 1376 οἱ
1182 1308 1363 1398 κατήγοροι

239 1416 319 1480 δέκα
349 1408 444 1490 ὄντες
475 1410 514 1477 τὸ
544 1404 637 1495 ὕδωρ
666 1405 894 1496 ἀναλώσωμεν
918 1405 1007 1477 ἅπαν
1030 1418 1103 1479 κτλ.
1135 1415 1291 1479 somnium
1321 1415 1363 1478 de

238 1517 417 1582 oratoribus
448 1517 479 1580 iu
510 1535 610 1582 causa
642 1516 870 1598 Aristogitonis
902 1535 957 1600 per
988 1512 1130 1597 ἔνδειξιν
1153 1522 1227 1580 acta
1249 1516 1363 1580 electis

239 1620 425 1684 somniasse.
479 1619 649 1682 Praeter-cu
677 1638 746 1682 cum
780 1618 810 1679 in
840 1616 1041 1701 Theopompi
1072 1618 1211 1682 historiis
1234 1619 1363 1700 legerit:

240 1714 384 1787 ὅτιτῶν
407 1712 594 1805 Ἀθηναίων
626 1719 681 1784 ἐπί
710 1743 787 1784 τινα
815 1721 1103 1804 προβαλλομένων
1133 1712 1239 1786 adrev
1261 1744 1362 1806 κατη-

237 1825 365 1911 γορίαν,
389 1817 433 1900 ὡς
456 1814 518 1906 οὔχ
540 1815 692 1908 ὑπήκουε
716 1819 957 1905 θορυβούντων
978 1815 1123 1899 ἀναστὰς
1138 1818 1246 1887 εἶπεν·
1271 1817 1364 1906 ὑμεῖς

238 1928 325 2011 ἐμοί,
359 1912 387 1990 ὦ
416 1918 534 2010 ἄνδρες
558 1916 740 2010 Ἀθηναῖοι,
775 1921 955 2010 συμβούλῳ
981 1926 1043 2008 μὲν
1071 1919 1136 1990 κᾶν
1163 1917 1206 2010 μη
1239 1925 1363 2010 θέλητε

237 2025 411 2114 χρήσεσθε,
441 2022 637 2109 συκοφάντη
661 2018 689 2090 d
701 2018 780 2091 odos
807 2023 867 2090 ἐὰν
897 2028 1018 2112 θέλητε
1050 2027 1185 2110 (Theop.
1208 2047 1259 2110 up.
1281 2028 1363 2099 Plut.

238 2135 295 2196 rit.
318 2132 407 2196 Dcm.
430 2149 455 2194 c.
484 2133 541 2213 14),
569 2129 600 2192 in
624 2129 769 2194 oratione
793 2129 954 2211 Aristogit.
976 2132 995 2209 ξ
1017 2132 1051 2192 13
1076 2130 1107 2194 id
1131 2149 1189 2194 suo
1212 2127 1306 2192 modo
1329 2137 1363 2194 et

238 2232 421 2312 ertifieiosc,
459 2252 655 2314 quamquam
698 2232 824 2295 incaute
862 2239 894 2296 ct
930 2232 1166 2296 inconsiderate
1203 2251 1273 2296 cunr
1309 2232 1362 2296 ni-

238 2337 378 2402 narchen
400 2335 557 2400 sententia
582 2354 653 2398 cum
679 2335 924 2416 conglutinasse.

323 2441 372 2504 Ex
400 2458 437 2502 eo
468 2457 594 2519 quoquc
617 2437 753 2502 Wcilius
776 2437 859 2502 lrunc
882 2438 1057 2502 orationem
1082 2457 1115 2502 rc
1139 2457 1217 2502 vcro
1237 2437 1268 2501 in
1292 2437 1361 2501 loro

237 2543 343 2608 Attico
365 2541 508 2606 hobitum
528 2560 598 2605 esse
614 2539 745 2621 colligit,
768 2540 852 2622 quod
868 2541 1046 2605 clarissime
1061 2560 1100 2605 cx
1117 2560 1155 2605 ea
1171 2559 1361 2623 cognoscere

237 2645 346 2728 liceat,
381 2643 539 2726 quomodo
569 2642 708 2707 iudicum
740 2650 772 2706 et
802 2642 982 2706 auditorum
1007 2642 1104 2708 animi
1128 2643 1159 2706 in
1183 2644 1240 2706 illo
1262 2662 1362 2708 causa

238 2749 344 2813 affecti
383 2746 514 2826 luerint,
562 2765 645 2826 quae
683 2745 849 2829 opiniones
886 2752 1113 2830 praesumptae
1149 2746 1362 2810 removendae

239 2851 357 2916 fuerint
379 2849 506 2926 oratori,
529 2849 645 2930 quibus
667 2850 762 2912 rebus
785 2848 933 2912 secundis
956 2846 999 2912 uti
1023 2847 1197 2933 potuerit.³)
1336 2849 1339 2854 '

323 2958 369 3020 Ae
399 2953 534 3033 primum
560 2950 686 3032 quidem
711 2950 788 3013 illud
813 2950 948 3014 Weilius
971 2950 1121 3032 ostendit,
1148 2969 1245 3032 quarn
1269 2956 1360 3015 ceute

237 3064 268 3121 ct
298 3056 469 3139 prudenter
500 3060 607 3116 orator
629 3072 684 3116 cos
707 3059 833 3133 tractet,
863 3053 926 3134 qui,
956 3061 990 3116 ut
1014 3052 1217 3135 Aristogiton,
1243 3052 1360 3117 aerarii

237 3158 397 3222 debitores
440 3157 510 3220 sint.
574 3156 818 3236 Aristogitonem
861 3155 1062 3236 (laurentum,
1106 3156 1191 3237 quod
1235 3156 1361 3220 aerario

237 3262 379 3336 deberet,
416 3267 523 3324 tumen
554 3259 586 3322 in
617 3257 743 3342 publico
773 3258 879 3324 dicere
902 3279 963 3322 uon
989 3260 1121 3323 veritum
1146 3278 1225 3326 csse.
1269 3257 1359 3336 Quod

238 3362 396 3444 quomodo
428 3381 483 3444 per
511 3361 689 3444 complures
717 3379 819 3422 anuos
848 3359 914 3424 lieri
946 3360 1095 3442 poluerit,
1133 3380 1290 3445 apparere
1321 3380 1361 3424 ex

238 3466 391 3530 oratioue.
437 3464 506 3528 Nou
531 3463 631 3526 solum
658 3463 915 3542 Aristogitonem,
942 3462 997 3528 sed
1021 3463 1137 3526 multos
1160 3464 1257 3528 etiam
1280 3463 1361 3527 alies

237 3569 323 3632 circs
352 3566 527 3632 humilioris
559 3565 691 3646 ordinis,
723 3565 776 3645 qui
808 3563 874 3628 suis
901 3565 1036 3646 quisquc
1058 3565 1194 3647 negotiis
1215 3567 1360 3649 occupati

238 3672 364 3752 suerint,
386 3669 502 3734 solerii
526 3669 624 3732 luisse
647 3667 815 3747 debitores,
843 3688 923 3748 (pros
946 3687 1038 3732 nemo
1061 3669 1129 3733 iure
1151 3668 1292 3732 civitatis
1315 3669 1360 3732 uti

237 3771 441 3857 prohibuerit.
504 3769 574 3848 Qun
613 3770 813 3852 indulgentie
852 3789 943 3834 usunr
986 3770 1231 3852 Aristogitonem
1270 3791 1359 3834 suam

327 3945 353 4008 1)
372 3942 484 4009 Lipsius
502 3945 597 3994 monet
613 3943 727 4007 (pero)
749 3954 784 3991 ne
808 3939 837 3992 id
861 3938 975 4006 quidem
1000 3939 1183 3993 demonstrari
1206 3955 1290 4008 posse
1313 3939 1361 3994 illc

239 4035 331 4083 aetate
352 4029 380 4080 iu
400 4023 589 4095 εἰςαγγελίαις
606 4026 710 4078 clectos
729 4039 791 4078 esse
810 4021 995 4093 συνηγόρους.

324 4119 351 4176 2)
369 4114 494 4178 Quaestt.
515 4112 591 4166 bem.
611 4126 637 4180 p.
654 4115 708 4163 105.

324 4201 348 4268 3)
368 4216 393 4268 p.
409 4204 471 4268 leq.
