3104 4758
250 233 290 296 36

235 400 360 466 *aliena
382 400 423 466 eb
447 399 501 484 iis,
531 419 616 483 quae
638 400 725 485 apud
748 400 831 466 alios
853 400 989 484 legimus
1011 400 1198 485 scriptores,
1220 403 1267 469 ita
1290 403 1377 468 tueri

252 524 334 587 opus
355 510 421 585 est,
452 508 487 568 ut
516 503 702 588 posterioris
734 503 855 570 aetatis
882 503 1067 569 confusione
1096 504 1311 570 institutorum
1341 505 1377 572 id

252 605 369 670 laetum
393 624 464 670 esse
486 605 642 670 dieamus.
693 607 799 687 Atque
828 625 868 670 ex
899 626 961 689 quo
989 605 1058 670 loco
1081 604 1136 692 (ἓξ
1153 607 1293 692 20—24)
1316 607 1377 674 alii

252 707 335 774 hanc
356 707 534 774 orationem
556 727 591 774 re
613 727 690 774 vera
713 709 746 772 in
770 707 839 776 foro
863 707 1006 776 habitam
1020 727 1092 775 esse
1108 707 1312 793 collegerunt,
1333 730 1377 775 ex

252 829 291 874 eo
314 809 390 875 mihi
421 810 550 893 quidem
579 829 738 895 apparere
768 811 875 894 potius
904 810 1031 878 ridetur
1053 811 1208 881 rhetorem
1232 812 1377 895 aliquem

252 931 322 977 esse
352 918 531 978 auctorem:
561 912 593 976 in
616 912 657 977 iis
679 911 826 997 quidem,
854 931 939 995 quae
961 910 1001 1000 ἓξ
1017 915 1142 978 20—22
1165 914 1378 997 continentur,

251 1033 344 1080 nemo
376 1014 472 1080 facile
501 1013 658 1096 offendet3
689 1014 746 1082 sed
776 1013 854 1096 quid
877 1013 936 1080 sibi
960 1015 1070 1080 volunt
1091 1015 1258 1100 exempla,
1288 1035 1378 1099 quae

253 1124 430 1200 sequuntur·
468 1117 608 1203 (κιγκλίς
634 1155 676 1166 -
703 1119 869 1197 βασίλειος
895 1114 1044 1184 στοά-
1071 1120 1379 1204 κιρισχοινὶζεσθαι

252 1257 295 1267 —-
320 1218 395 1306 §20
426 1216 497 1286 ἕναι
526 1210 661 1305 depuis?
692 1240 778 1303 quae
807 1219 915 1286 rhetor
942 1239 983 1286 ea
1011 1221 1052 1288 de
1082 1240 1181 1290 cansa
1209 1221 1379 1288 addidisse

253 1323 331 1388 milri
353 1323 495 1405 videtur,
526 1329 560 1387 ut
590 1322 758 1391 scientiam
788 1323 1005 1392 institutorum
1034 1323 1211 1390 Atticorum
1239 1343 1318 1408 prae
1340 1343 1379 1390 se

254 1427 357 1491 ferret.
401 1423 493 1502 Quod
516 1429 638 1506 orator,
669 1432 704 1490 ut
727 1425 825 1491 verba
855 1445 916 1490 sua
946 1425 1074 1511 probet,
1104 1426 1209 1510 leges,
1238 1427 1380 1510 decreta,

252 1535 350 1595 testes
372 1528 449 1592 citat
471 1525 526 1615 (ἓξ
543 1530 591 1595 58.
614 1530 683 1612 62),
712 1528 820 1613 inepte
848 1545 888 1594 eu
920 1529 1033 1595 additu
1062 1548 1133 1596 esse
1162 1535 1254 1614 puto,
1286 1549 1379 1613 prae·

252 1631 360 1697 sertim
382 1651 463 1709 eum,
485 1630 520 1695 id
542 1631 627 1714 quod
651 1633 687 1696 Α.
704 1632 897 1700 Schaeferus
919 1639 1027 1698 monet
1043 1631 1074 1716 ¹),
1097 1631 1233 1697 leviores
1250 1639 1378 1697 tanturn

252 1753 303 1799 res
332 1733 373 1798 iis
403 1732 636 1800 confirmentur.
688 1734 772 1799 Illud
803 1753 893 1816 vero,
924 1733 1009 1816 quod
1037 1741 1144 1799 orator
1173 1737 1253 1815 §37
1281 1734 1379 1800 dicit:

252 1828 347 1917 »ἀλλ’
373 1827 623 1921 Ἀριστογεῖτον,
654 1829 738 1902 ἓιιτὰ
767 1832 897 1921 γραφὰς
925 1828 1081 1920 κέκρικάς
1108 1859 1158 1920 με,
1188 1849 1261 1914 τοῖς
1289 1830 1377 1922 ὑπὲρ

257 1939 431 2006 Φιλίππου
459 1929 536 2004 τότε
558 1934 746 2023 πράττουσι
771 1934 914 2005 σεαυτὸν
935 1933 1125 2023 μισθώσας,
1152 1939 1209 2003 καὶ
1230 1929 1380 2015 εὐθύνας

254 2037 412 2118 διδόντας
443 2040 493 2118 δὶς
522 2035 752 2128 κατηγόρησας
774 2079 816 2090 —
839 2039 1041 2125 desumptum
1071 2059 1142 2106 esse
1168 2060 1210 2106 cx
1232 2048 1312 2106 orat
1334 2041 1380 2108 de

257 2144 370 2212 Ceron.
392 2143 434 2230 ἐξ
451 2145 522 2210 249.
545 2145 616 2212 250.
658 2143 819 2210 Braunius
842 2152 874 2210 et
896 2143 1042 2210 Blassius
1065 2142 1219 2209 viderunt.

342 2247 436 2312 Unde
465 2253 576 2312 auctor
606 2245 774 2312 scientiam
801 2244 963 2311 hominurn
994 2265 1162 2329 rerumque
1190 2246 1377 2328 aequalium

254 2348 411 2427 hauserit,
442 2349 506 2414 ium
538 2368 635 2432 supra
663 2349 916 2414 demonstratum
947 2348 1048 2432 σκιῆς
1077 2348 1231 2413 nonnulla
1260 2349 1301 2414 ed
1329 2368 1380 2432 eu,

254 2473 340 2534 quae
362 2451 406 2516 ibi
430 2451 516 2518 dieta
539 2456 622 2534 sunt,
644 2450 773 2517 addam.
817 2449 1020 2534 Quamquam
1044 2451 1130 2518 euim
1150 2452 1327 2522 orationem
1342 2451 1378 2518 in

254 2556 321 2620 furo
344 2553 487 2619 habitam
510 2573 581 2620 csse
604 2573 702 2637 nego,
734 2561 842 2619 tamen
871 2553 1109 2620 concedendum
1133 2561 1183 2620 est
1204 2555 1379 2620 nonnullas

253 2664 362 2740 partes
392 2657 557 2740 praeclare
587 2674 658 2721 esse
687 2655 836 2739 scriptas,
866 2655 990 2737 aliquot
1017 2657 1094 2721 locis
1125 2657 1315 2722 varietatem
1343 2663 1379 2722 et

145 2793 148 2798 ¹
253 2767 286 2825 et
309 2760 433 2844 copiam
457 2759 491 2824 in
513 2758 694 2824 enarrando
718 2757 852 2842 cernii),
882 2759 1075 2840 gravitatem
1097 2766 1195 2842 atque
1216 2767 1319 2826 artem
1340 2759 1378 2825 in

253 2864 286 2928 iu
309 2860 565 2945 argumentando
576 2860 617 2946 ⁴),
647 2866 768 2924 utnon
791 2859 833 2924 sit
856 2859 1050 2943 mirandum,
1073 2861 1158 2942 quod
1181 2860 1237 2926 alii
1259 2861 1378 2926 oratio·

254 2986 326 3030 nem
368 2963 595 3030 Demosthenis
637 2982 708 3029 esse
750 2970 950 3030 censuerunt.
1019 2964 1088 3031 lum
1132 2962 1266 3049 suprai)
1307 2964 1378 3032 dixi

254 3067 304 3134 Fr.
326 3065 487 3135 Blossium
519 3066 617 3133 etiarn
648 3065 681 3132 in
716 3065 947 3132 sententiarum
981 3064 1024 3130 ad
1054 3086 1221 3131 numerum
1251 3067 1379 3131 conclu-

254 3172 344 3234 sione
372 3168 598 3246 Demosthenis
625 3174 726 3235 artem
757 3175 789 3234 ct
818 3168 980 3251 ingenium
1011 3169 1193 3251 agnovisse.
1244 3167 1380 3248 Quaesi-

254 3272 335 3338 verit
357 3271 535 3355 quispiam,
561 3268 721 3354 quomodo
751 3270 785 3335 id
807 3271 1011 3354 explicemus.
1056 3271 1169 3337 Partes
1191 3272 1319 3355 aliquas
1339 3292 1379 3338 re

253 3394 331 3439 vcra
353 3394 374 3438 a
399 3373 612 3440 Demosthene
635 3374 771 3457 scriptas
794 3373 916 3439 auctori
939 3373 1094 3439 orationis
1116 3381 1245 3458 praesto
1275 3373 1379 3440 fuisse

254 3478 412 3560 suspicor,
439 3476 473 3542 id
495 3475 580 3559 quod
603 3475 722 3545 sactum
752 3495 824 3542 esse
847 3476 993 3542 videmus
1015 3475 1047 3540 in
1070 3476 1268 3547 orationihus
1290 3474 1380 3543 κατὰ

255 3579 430 3646 Φιλίππου
451 3578 478 3644 δ.
503 3576 571 3664 (Κ)
594 3585 626 3644 et
639 3579 718 3663 περὶ
733 3572 921 3661 συντάξεως
935 3578 1064 3663 (xlll),
1079 3596 1214 3660 quarum
1230 3570 1380 3650 accures

254 3701 295 3748 ne
329 3700 494 3748 numerum
529 3681 659 3763 quidem
697 3680 977 3747 Demosthenicum
1016 3681 1235 3764 neglexerunt
1285 3679 1380 3760 Quae

343 3870 370 3935 1)
387 3864 592 3922 Demosthenes
610 3882 636 3921 u.
655 3882 677 3921 s,
696 3865 755 3922 Zeit
772 3866 847 3922 lllB
866 3882 893 3936 p.
909 3869 964 3922 121.

340 3956 367 4018 2)
385 3952 442 4007 vid.
462 3967 548 4022 supra
565 3969 591 4023 p.
605 3955 646 4007 24.

341 4043 369 4106 3)
387 4040 419 4110 ᾖς
432 4043 541 4094 55-61.

343 4127 370 4191 ι)
387 4124 542 4196 §eeu-rr.

342 4213 371 4277 5)
389 4209 445 4266 rid.
464 4225 549 4280 supra
566 4226 593 4280 p.
606 4213 647 4268 21.
