3104 4758
286 1297 349 1408 Ex
372 1341 498 1406 duabus
520 1341 678 1407 adversus
700 1342 949 1426 Aristogitonem
979 1344 1178 1410 orationibus
1199 1345 1326 1411 traditis

201 1443 284 1508 inter
306 1443 585 1527 Demosthenicas,
616 1463 696 1526 quas
725 1445 766 1510 ab
789 1445 1020 1512 Alexandrinis
1049 1447 1201 1512 collectas
1230 1454 1262 1513 et
1292 1448 1326 1512 in

201 1545 344 1612 ordinem
375 1545 523 1611 redactas
553 1566 624 1613 esse
646 1554 771 1613 constat
783 1548 820 1634 ¹),
852 1549 988 1632 priorem
1013 1569 1034 1614 a
1055 1548 1271 1616 Demosthene
1294 1557 1327 1616 et

201 1649 419 1732 conscriptam.
430 1654 462 1714 et
477 1649 509 1713 in
526 1668 624 1714 causa
636 1649 692 1714 illa
707 1650 938 1734 Aristogitonis
954 1650 1096 1716 habitam
1113 1672 1184 1718 esse
1200 1661 1325 1719 veteres

201 1751 344 1816 homines
359 1750 442 1816 docti
460 1751 527 1816 fere
542 1771 653 1817 omnes
670 1752 856 1818 censebant:
872 1753 1062 1818 Plutarchus
1072 1753 1097 1838 2)
1114 1775 1176 1818 non
1192 1754 1326 1839 dubitat,

201 1852 277 1935 quin
294 1853 526 1920 Demosthenes
541 1873 614 1919 eam
630 1855 865 1944 conscripserim
888 1862 1000 1922 auctor
1016 1856 1123 1940 libelli,
1146 1858 1200 1939 qui
1216 1858 1325 1923 inscri-

201 1955 284 2020 bitur
299 1957 390 2041 „recol
405 1947 563 2042 tooure)
579 1957 693 2022 laudat
708 1957 811 2023 locum
828 1957 1031 2044 desumptum
1048 1979 1088 2024 ex
1104 1958 1166 2026 hac
1182 1960 1325 2027 oratione

201 2065 235 2124 ut
251 2058 511 2136 Demosthenica;
534 2060 608 2124 item
634 2068 668 2124 ut
690 2061 797 2125 omnia
819 2061 887 2126 fere
910 2061 1060 2146 exempla
1082 2081 1123 2126 ex
1139 2063 1324 2129 Demosthe·

200 2161 251 2224 nis
270 2161 474 2226 orationibus
497 2162 543 2226 ita
565 2183 628 2226 non
650 2181 757 2246 pauca
780 2181 820 2227 ex
846 2164 951 2246 priore
973 2163 1205 2246 Aristogitonis
1228 2165 1325 2230 sumit

200 2265 419 2346 Hermogenes
428 2263 465 2349 ⁴);
488 2263 611 2329 Plinius
633 2265 736 2330 minor
746 2265 770 2348 5)
794 2271 826 2330 ot
848 2284 886 2330 ex
910 2265 984 2330 aliis
1008 2265 1232 2354 Demosthenis
1254 2287 1324 2331 ora-

200 2365 341 2431 tionihus
363 2372 394 2432 et
416 2386 456 2432 ex
471 2366 702 2450 Aristogitonis
725 2367 830 2452 priore
853 2367 941 2432 locos
960 2368 1116 2452 quosdam
1133 2370 1234 2452 affert
1257 2370 1325 2452 qui·

200 2467 259 2533 bus
289 2467 472 2552 comprobet
506 2469 682 2547 „laxandos
713 2489 784 2534 esse
814 2468 1017 2551 eloquentiae
1046 2470 1154 2536 frenos
1184 2491 1243 2536 neo
1268 2493 1325 2537 an-

199 2569 383 2654 gustissimo
405 2591 484 2656 gyro
507 2571 704 2654 ingeniorum
728 2570 868 2656 impetus
884 2571 1134 2655 refringendos“.
1178 2573 1325 2655 Denique

200 2679 233 2737 ut
256 2673 288 2736 hi
311 2692 434 2755 omnes,
461 2673 509 2737 ita
532 2672 698 2756 Photiusss)
728 2673 904 2739 orationem
927 2674 1091 2740 iudicabat
1113 2694 1188 2741 vere
1210 2675 1325 2742 Demo·

199 2773 385 2840 sthenicam.
438 2775 558 2841 Contra
588 2775 763 2862 Dionysius
789 2776 1141 2860 Halicarnassensisu,
1171 2777 1261 2843 cuius
1291 2779 1325 2844 in

199 2876 318 2942 talibus
351 2876 445 2942 rebus
479 2878 618 2943 maxime
649 2884 698 2944 est
730 2876 919 2961 intellegens
952 2879 1325 2964 incorruptissimumque

198 2979 366 3063 iudicium,
394 3000 464 3045 cum
496 2980 529 3044 in
560 2981 676 3078 multis⁸
698 2980 842 3065 partibus
874 2980 1030 3046 orationis
1053 2988 1087 3046 ut
1110 2982 1324 3049 Demosthene

198 3082 339 3166 indignis
362 3083 550 3164 offenderet,
580 3102 653 3149 eam
677 3082 719 3147 ah
742 3103 864 3148 summo
887 3082 943 3147 illo
966 3089 1092 3149 oratore
1114 3083 1324 3150 abiudicavit.

200 3231 402 3242 --—-—-——-

286 3307 311 3370 t)
330 3303 386 3358 vid.
406 3303 548 3374 Sauppius
567 3303 658 3373 Epist.
677 3303 736 3358 orit.
754 3320 782 3373 p.
795 3308 836 3357 lu.

284 3393 312 3458 2)
330 3389 396 3444 Vita
414 3391 492 3444 Dein.
511 3405 535 3444 o.
548 3389 611 3444 XV.

284 3481 311 3543 3)
328 3493 351 3531 c.
364 3475 483 3544 XXVII,
496 3480 520 3530 3.
624 3497 628 3504 ·

284 3557 1130 3631 ltu.le.l,6p.221‚228,23138p.ttu;11,1up.3er.

283 3651 311 3715 5)
329 3648 417 3716 Epist.
436 3648 485 3714 ΙΧ,
502 3653 542 3702 26.

284 3734 311 3803 tt)
330 3733 401 3788 Bihl.
415 3732 548 3802 CCLXV‚
567 3749 593 3802 p.
607 3738 654 3787 tur
665 3749 688 3787 a.
706 3733 798 3787 Bekk.

285 3825 311 3884 7)
328 3819 406 3874 Dem.
425 3835 449 3874 c.
462 3819 550 3874 LVlI.
586 3819 742 3890 Dionyslns
755 3825 950 3874 commemorat
962 3819 1015 3874 hoo
1028 3820 1088 3874 loco
1101 3812 1233 3886 ὀνόματα
1251 3836 1321 3889 φορ-

198 3899 265 3960 τικὰ
292 3903 342 3960 καὶ
373 3899 458 3975 ἀηδῆ,
484 3899 642 3976 ἀγροίκους
666 3901 858 3971 κατασκευάς,
906 3905 992 3960 Plura
1019 3904 1128 3960 dixerat
1151 3905 1178 3958 in
1207 3903 1321 3972 scripto,

201 3991 274 4060 quod
293 3991 373 4046 nobis
392 4006 447 4046 non
468 3997 609 4046 servatum
629 3998 688 4060 est,
712 3991 819 4060 legerat
837 3997 927 4046 autem
945 3991 1095 4055 Liburniae,
1118 3991 1165 4060 qui
1189 3990 1217 4043 in
1240 4005 1320 4057 argu-

200 4083 293 4136 mento
311 4076 484 4132 orationibus
502 4076 716 4146 Aristogitoniis
735 4078 889 4147 praemisso
906 4076 989 4131 dlclt:
1012 4071 1161 4140 Διονύσιος
1178 4071 1208 4130 δὲ
1228 4065 1321 4129 ‹illla-

198 4157 379 4233 καρνασσεὺς
404 4154 438 4217 οὔ
460 4156 573 4232 δέχεται
595 4158 716 4224 τούτους
739 4158 808 4226 τοὺς
831 4157 936 4231 λόγους
955 4155 1161 4231 Λημοσθένους
1180 4151 1266 4224 εἶναι,
1287 4153 1320 4214 ἐκ

197 4253 246 4317 τῆς
265 4242 341 4314 ἰδέας
359 4243 599 4319 τεκμαιρόμενος,
