3104 4758
1273 213 1311 275 31

190 403 321 451 eausam
353 404 422 448 oum
453 383 578 447 illorum
610 381 800 448 confudisse.
852 381 988 471 Weilius
1019 402 1094 446 vero
1124 382 1213 466 ipsos
1234 382 1316 446 inter
1365 420 1369 424 -

190 488 313 554 iudices
336 486 435 550 luisse
458 492 559 568 putat,
582 483 635 566 qui
660 485 785 549 aerario
808 484 975 567 deberent;
1002 484 1087 566 quod
1110 485 1193 556 enim
1211 491 1316 550 orator

190 591 277 655 dieat
303 610 337 653 se
360 588 392 652 id
417 587 545 651 omniuo
559 588 698 652 eredere
720 588 813 667 nolle,
844 607 884 651 ex
907 606 945 651 eo
968 588 1038 671 ipso
1061 605 1220 670 apparere
1239 607 1315 652 enm

190 693 290 774 probe
321 693 402 756 seire
432 709 502 754 esse
532 693 613 754 iuter
635 690 772 770 iudices,
805 690 858 771 qui
883 691 1011 755 aerario
1034 689 1180 756 debeant.
1224 691 1317 754 Hane

190 817 257 860 rem
288 794 405 878 oratori
434 813 583 875 magnam
608 792 826 858 difficultatem
850 793 1034 857 afferentem
1059 792 1194 858 Weilius
1216 793 1316 858 admi-

192 906 281 963 ratur
311 897 434 978 quanta
465 901 533 960 arte
562 902 672 972 artetur
702 896 910 980 superaverit.
961 893 1035 960 Jem
1066 896 1107 959 ab
1136 896 1226 960 initio
1249 915 1317 962 ora-

191 1001 287 1065 tionis
323 1001 406 1063 baue
436 1018 500 1062 reru
532 997 661 1080 attingi,
693 996 819 1080 probari
851 997 937 1062 illam
969 997 1214 1080 indulgentiam,
1251 1018 1316 1080 qua

192 1101 398 1183 Aristogitoni
434 1101 478 1163 uti
509 1099 604 1164 licere
631 1107 738 1163 orator
767 1105 885 1181 neget
904 1099 1169 1187 *Prudentissime
1198 1107 1231 1165 et
1257 1101 1317 1166 ele-

192 1203 389 1269 mentissime
423 1202 484 1266 diui
520 1201 559 1266 de
590 1200 785 1266 debitoribus
816 1202 946 1266 aerarii:
984 1202 1073 1280 ,Nou
1104 1209 1180 1286 puto
1210 1221 1317 1284 quem-

193 1325 288 1387 quam
313 1325 431 1384 eorum,
454 1304 507 1385 qui
532 1303 658 1386 adsunt,
685 1303 860 1367 debitorem
884 1322 956 1368 esse
979 1304 1105 1384 aerarii,
1128 1303 1185 1368 sed
1209 1306 1317 1370 neseio
1374 1379 1376 1382 ¹

192 1429 232 1472 au
257 1408 329 1487 siut,
352 1426 483 1488 quorum
509 1404 604 1470 auriol
628 1404 753 1470 aerario
777 1405 915 1470 debeant
937 1397 1027 1470 nulla
1049 1406 1190 1490 ipsorum
1214 1407 1317 1490 eulpa,

192 1497 248 1575 sed
281 1509 365 1590 quod
393 1515 448 1572 aut
477 1507 613 1590 prraedos
636 1506 710 1570 faeti
735 1514 809 1570 sunt
831 1528 888 1591 pro
911 1507 987 1572 aliis
1010 1508 1132 1572 civibus
1155 1515 1212 1573 ant
1233 1515 1318 1592 post·

17 1655 19 1680 ι
89 1653 91 1658 -
193 1631 288 1693 quam
326 1610 494 1695 pecuniam
535 1615 675 1674 mutuam
713 1608 881 1687 dederunt,
922 1629 984 1673 non
1023 1619 1217 1694 receperunt.
1275 1611 1316 1676 Hi

194 1712 301 1777 miseri
333 1712 420 1792 digni
452 1717 539 1792 suut,
577 1711 630 1792 qui
660 1710 770 1774 eadem
803 1710 1001 1794 indulgentia
1031 1719 1063 1776 et
1096 1713 1317 1778 misericordia

194 1815 346 1895 fruantur,
369 1833 433 1895 qua
457 1820 586 1877 utuntur
609 1813 691 1876 iuter·
713 1832 748 1877 se
771 1813 950 1897 propinqui.
992 1814 1074 1878 Nam
1100 1823 1133 1878 ut
1149 1815 1318 1880 coneordia

195 1916 369 1982 domestica
399 1936 436 1981 oo
468 1924 686 1996 conservatur,
724 1916 809 1996 urrod
840 1925 950 1999 patres
972 1916 1137 1999 indulgent
1159 1917 1317 1984 interdum

193 2019 327 2084 filiorum
362 2020 519 2102 praeeatis,
557 2016 612 2080 lilii
646 2018 791 2098 patribus
822 2019 938 2082 nesciis
968 2027 1115 2101 peceant:
1153 2019 1199 2084 ita
1231 2021 1319 2085 cives
1365 2063 1368 2070 ,

191 2123 335 2188 eiusdem
381 2122 521 2184 civitatis
563 2120 719 2184 interdum
762 2121 901 2203 pendatis
941 2122 1022 2186 inter
1063 2141 1098 2186 se
1130 2120 1320 2206 indulgeant

193 2244 323 2290 neeesse
345 2231 403 2298 est,
427 2229 461 2286 ut
483 2222 653 2286 eoncordia
675 2223 791 2288 eivium
814 2230 1027 2288 conservetur.
1071 2223 1135 2288 Sed
1157 2223 1232 2288 talis
1255 2245 1318 2290 uon

193 2334 242 2392 est
271 2325 498 2408 Aristogitonis
528 2323 684 2389 nondieio:
722 2345 784 2388 uon
818 2325 887 2390 sine
920 2345 979 2389 suu
1012 2325 1114 2409 ipsius
1144 2327 1239 2412 eulpa
1269 2327 1319 2392 ius

193 2429 334 2494 civitatis
363 2428 484 2508 amisit,
519 2427 574 2491 sed
605 2427 810 2511 improbitate
833 2434 865 2492 et
887 2427 1098 2510 impudentia,
1129 2435 1318 2512 tantumque

195 2531 299 2606 abest,
338 2538 371 2592 ut
400 2530 564 2594 infamiam
596 2530 737 2594 minuere
773 2530 913 2610 studeat,
950 2537 984 2594 ut
1013 2537 1124 2594 eontra
1154 2531 1318 2616 impuden-

194 2634 317 2698 tissime
348 2640 380 2697 et
411 2638 485 2696 ante
509 2632 618 2696 oeulos
640 2631 789 2696 oivivium
814 2633 875 2696 sibi
899 2639 1004 2697 sumat
1027 2633 1059 2696 id
1083 2634 1146 2715 ius,
1180 2636 1264 2716 quod
1288 2635 1318 2700 ei

194 2723 362 2800 nonlicet.
406 2732 475 2811 Quo
498 2733 541 2815 fit,
572 2742 604 2797 ut
627 2733 735 2798 famae
757 2735 885 2798 illorum
911 2736 1106 2818 miserorum,
1128 2737 1182 2818 qui
1205 2737 1234 2802 ei
1258 2736 1319 2802 dis-

194 2838 348 2902 simillimi
372 2844 572 2918 santernam
596 2836 735 2900 maxime
758 2840 896 2902 noeeat.“

204 2946 207 2952 '
281 2944 385 3022 Atque
408 2940 440 3003 id
464 2939 593 3020 quidem
613 2939 729 3004 Weilio
753 2939 986 3004 eoncedendum
1004 2947 1054 3004 est
1070 2939 1186 3004 multos
1201 2959 1318 3021 eorum,

195 3043 249 3124 qui
274 3051 429 3106 oratorem
454 3041 640 3121 audiebant,
663 3043 780 3106 aerarii
798 3040 959 3106 debitores
976 3042 1088 3122 iuiss03
1110 3043 1193 3124 quod
1210 3051 1317 3109 autem

194 3165 234 3208 ex
265 3143 330 3206 illis
358 3144 462 3208 verbis
484 3145 559 3223 §so
590 3142 660 3228 (καὶ
683 3139 728 3228 μή
750 3167 789 3228 με
811 3131 1064 3230 ὑπολάβητε,.ὦ
1087 3137 1179 3230 riardo.
1197 3137 1318 3232 bap»,

194 3241 239 3323 ὡς
265 3241 351 3331 πρὸς
381 3238 579 3326 ὀφείλοντας
610 3240 694 3328 ὑμᾶς
723 3250 771 3331 τῷ
802 3247 952 3332 δημοσίῳ
983 3224 1223 3331 διαλέγεοθοτι·Ι
1240 3243 1318 3314 οὔτε

194 3345 257 3432 γὰρ
287 3346 354 3413 ἔστι
384 3341 465 3433 μήτε
498 3350 631 3434 γένοιτο
654 3352 774 3427 τοῦτο,
807 3341 879 3414 οὔτ’
902 3346 967 3434 ἐγώ
989 3351 1128 3434 νομίζω)
1158 3353 1319 3416 eouoludit

195 3453 282 3533 ipsos
311 3453 393 3516 iuter
423 3452 543 3516 iudices
573 3453 685 3530 luisse,
719 3453 773 3534 qni
806 3453 931 3516 aerario
963 3452 1126 3534 deberent,
1159 3453 1240 3518 baeu
1267 3473 1319 3520 res

195 3560 280 3618 certo
309 3555 481 3636 disceptari
512 3574 575 3618 non
607 3561 720 3636 potest.
773 3558 814 3618 At
843 3555 1002 3636 quomodo
1025 3575 1095 3619 cum
1118 3556 1243 3622 illorum
1266 3556 1318 3623 be-

197 3656 316 3720 minum
349 3655 550 3721 humiliorum
582 3675 680 3720 eausa
702 3656 900 3738 Aristogiton
930 3676 1020 3722 suam
1049 3658 1241 3724 confundere
1264 3681 1317 3743 po·

195 3759 306 3838 tuerit,
343 3759 489 3841 equidem
526 3779 590 3824 non
621 3779 788 3841 assequor:
826 3760 870 3825 illi
906 3761 973 3825 suis
1010 3763 1145 3844 quisque
1182 3763 1318 3844 negotiis

195 3863 343 3945 aucupati
367 3882 428 3926 non
452 3863 498 3926 ita
520 3880 617 3943 aegre
638 3861 792 3944 serebant,
815 3862 900 3944 qnod
916 3863 1003 3928 vetiti
1019 3870 1127 3928 essent
1143 3864 1174 3928 iu
1191 3865 1318 3948 publieo

195 3964 310 4028 dicere.
363 3964 536 4030 Praeterea
566 3965 775 4048 Aristogiton,
813 3966 867 4047 qui
898 3986 961 4029 non
989 3965 1083 4030 modo
1110 3965 1256 4032 homiues
1278 3967 1319 4032 de

193 4065 288 4150 plebe
311 4073 497 4146 inseverat,
518 4067 574 4133 sed
597 4069 694 4132 etiarn
719 4068 942 4134 eeleberrimos
965 4067 1050 4132 viros
1072 4068 1254 4134 aoeusaudu
1272 4070 1318 4134 in-

193 4175 334 4236 seetatus
368 4176 451 4251 erat,
486 4168 550 4234 illis
584 4170 712 4234 omniuo
746 4169 978 4236 dissimillimus
1011 4177 1081 4236 erat
1114 4192 1217 4254 neque
1250 4173 1318 4240 fieri
