3104 4758
254 301 294 362 22

254 469 308 534 Sic
330 490 396 536 rem
420 489 454 535 se
476 471 594 536 habere
617 492 747 537 censeo:
775 472 833 536 iiia
856 472 1001 538 oratione
1027 471 1182 556 inscripta
1206 463 1377 557 ἀπολογία

251 570 337 658 πρὸς
366 565 430 658 τὴν
461 571 601 656 ἔνδειξιν
632 580 714 642 on.
743 575 800 640 xci
830 577 909 661 Δημ.
967 574 1162 658 Aristogiton
1190 577 1323 639 crimina
1354 595 1377 638 a

252 678 400 761 Lycurgo
431 682 463 742 et
491 697 511 741 a
540 676 756 744 Demosthene
786 679 818 742 in
850 697 927 742 vera
957 677 1101 743 oratione
1129 677 1255 761 prolata
1277 677 1375 742 simul

254 780 449 845 refutaverat
471 777 574 862 neque
596 780 768 865 diligenter
791 780 983 864 seiunxerat,
1006 799 1091 862 quae
1114 779 1249 863 quisque
1264 800 1375 846 eorum

252 881 435 965 protulerat.
488 883 573 947 Vera
603 889 708 948 autem
742 881 966 948 Demosthenis
988 883 1106 964 oratio,
1138 901 1235 965 quam
1263 883 1295 947 in
1317 882 1377 946 itta

173 1005 176 1010 ¹
252 1003 351 1047 cansa
375 981 502 1066 habuit,
533 982 638 1048 Photii
669 989 777 1050 aetate
806 984 873 1050 iam
902 983 1040 1069 perierat
1061 1003 1165 1066 neque
1187 982 1319 1050 Photius
1341 983 1375 1047 in

253 1084 401 1150 manibus
424 1085 565 1150 habebat
588 1085 649 1150 nisi
674 1086 757 1151 hanc
773 1106 870 1168 quam
887 1106 945 1150 nos
960 1084 1114 1151 habemus
1130 1085 1375 1170 supposititiam

252 1188 436 1253 orationem.
488 1191 593 1270 Atque
622 1208 692 1252 cum
725 1189 832 1253 omnia
862 1187 1058 1272 Aristogiton
1089 1188 1121 1252 in
1150 1207 1209 1253 sua
1231 1188 1376 1253 oratione

251 1289 396 1356 refellere
419 1289 569 1374 studeret,
600 1289 730 1356 Photios
754 1291 834 1355 dixit
856 1289 1038 1375 „duracinis
1066 1281 1376 1375 ἀνταγωνιζόμενος

256 1392 457 1470 δείκνυται“,
480 1392 515 1455 id
538 1391 622 1474 qnod
646 1413 708 1456 uon
732 1395 779 1457 ita
801 1393 1050 1476 intellegendum
1067 1399 1123 1475 est,
1145 1393 1239 1476 qnasi
1255 1392 1376 1460 Aristo-

251 1496 340 1578 gitou
363 1493 511 1576 crimina,
541 1514 624 1576 qnae
647 1495 679 1558 in
702 1496 769 1560 alia
792 1496 934 1560 oratione
957 1496 1173 1580 proterantur,
1202 1494 1376 1578 diiigenter

253 1598 382 1680 singula
413 1596 561 1662 refellens
591 1602 701 1660 contra
725 1597 969 1663 Demosthenem
997 1597 1126 1663 dixerit.
1169 1596 1256 1662 Nihil
1278 1595 1377 1680 igitur

253 1699 403 1782 impedit,
433 1701 510 1780 quin
541 1707 688 1783 putemus
711 1719 745 1765 re
768 1719 844 1765 vera
868 1700 1115 1765 Demosthenem
1140 1701 1172 1765 in
1195 1699 1251 1764 illa
1274 1719 1375 1764 cansa

253 1822 323 1866 oum
358 1803 505 1886 Lycurgo
540 1802 789 1884 Aristogitonem
826 1822 1011 1886 accusasse,
1051 1801 1227 1866 orationem
1266 1808 1374 1866 antem

254 1904 356 1968 Photii
390 1909 497 1969 aetate
528 1904 592 1967 iam
624 1905 767 1988 periisse.
819 1903 878 1968 Cui
907 1905 1084 1970 sententiae
1115 1925 1177 1968 non
1208 1910 1282 1969 sunt
1303 1905 1398 1967 oon-'

253 2008 354 2071 traria
378 2006 531 2070 Dinarchi
555 2007 667 2090 verba,
689 2027 772 2090 quae
798 2006 940 2072 Blassius
963 2007 1071 2072 affert:
1102 2005 1283 2091 ἐνδειχθεὶς
1305 1999 1376 2070 ὑπὸ

253 2105 453 2193 Λυκούργου
476 2109 621 2194 (11,r3);
650 2111 705 2175 iile
736 2111 837 2173 solum
868 2111 1046 2194 Lycurgum
1071 2129 1142 2176 eam
1170 2109 1297 2174 obrem
1320 2129 1376 2174 uo-

254 2212 364 2293 miuat,
381 2212 464 2295 qnod
480 2213 718 2297 πρωτολογίοιν
731 2213 851 2297 habuit,
861 2212 1093 2284 Demosthenes
1106 2213 1374 2297 δευτεοολογίαν.

340 2315 493 2380 Ariintuur
518 2335 589 2380 esso
612 2317 793 2400 Lycurgum
816 2314 1065 2382 aDemosthene
1088 2314 1128 2380 oh
1152 2335 1222 2380 earn
1247 2334 1375 2397 quoqne

254 2437 384 2481 cansam
416 2417 588 2482 verisimile
619 2423 683 2497 est,
720 2417 805 2499 quod
836 2419 900 2481 iarn
929 2424 1043 2500 antea,
1072 2437 1143 2482 cum
1176 2417 1375 2500 Aristogiton

254 2519 392 2584 Hierocli
431 2520 517 2584 litem
554 2519 759 2602 intendisset,
796 2518 1027 2584 Demosthenes
1058 2540 1127 2584 cnm
1160 2520 1374 2584 Phanostrato

254 2643 325 2687 eum
358 2617 566 2706 παρανόμων
597 2627 821 2702 accusaverat,
852 2628 886 2684 nt
919 2621 1058 2704 quinque
1086 2623 1218 2688 talentis
1241 2622 1374 2688 damna·

254 2730 340 2789 retur
353 2723 384 2804 ¹).
429 2725 531 2801 Quam
556 2725 688 2788 multam
712 2743 781 2788 oum
799 2724 993 2806 Aristogiton
1017 2743 1117 2805 nsque
1140 2725 1232 2790 adid
1249 2732 1375 2808 tempus

254 2827 393 2890 nondum
419 2828 580 2908 solvisset,
603 2825 697 2890 t'aoile
719 2825 785 2890 fieri
810 2827 920 2909 potuit,
943 2834 976 2890 ut
999 2825 1232 2892 Demosthenes
1255 2828 1372 2910 Lyeur-

254 2950 329 3012 gum
353 2928 530 2994 adiuvaret.
575 2928 723 3009 Accedit,
747 2929 832 3010 quod
855 2937 926 3011 post
949 2948 1089 3012 pugnam
1115 2927 1372 2994 Chaeronensem

255 3031 450 3113 Aristogiton
475 3051 543 3094 cnm
562 3031 636 3094 aliis
652 3039 717 3094 tum
734 3030 943 3095 Demostheni
960 3030 1033 3094 lites
1047 3031 1234 3097 intenderet.
1278 3029 1374 3095 Haud

253 3138 364 3215 ignoro
394 3154 550 3197 summum
581 3132 670 3197 iilum
698 3141 856 3198 oratorem
887 3153 1049 3214 nunquam
1081 3133 1142 3196 nisi
1167 3133 1300 3198 invitum
1323 3153 1374 3197 ae-

254 3236 411 3300 cusatoris
436 3257 549 3299 munus
573 3236 751 3318 suscepisse
762 3237 803 3320 2),
827 3235 883 3300 sed
908 3242 941 3300 ut
957 3234 1155 3317 Aeschinem,
1178 3235 1372 3320 proditorem

254 3338 396 3423 patriae,
419 3336 598 3413 accusavit,
629 3336 675 3400 ita
698 3336 794 3400 etiam
817 3337 1081 3419 Aristogitonem,
1103 3338 1158 3420 qui
1182 3337 1320 3402 avaritia
1342 3342 1374 3402 et

254 3440 453 3523 impudentia
477 3439 562 3504 eires
585 3445 776 3521 vexaverat,
805 3441 845 3502 ah
876 3459 913 3504 eo
937 3447 1121 3504 accusatum
1145 3459 1302 3506 essenon
1326 3447 1375 3504 est

255 3542 450 3607 incredibile.

255 3765 308 3817 1.ο.
327 3781 353 3832 p.
368 3768 414 3816 331
442 3769 535 3816 annot.
555 3768 583 3816 d:
612 3763 680 3826 „Die
704 3761 862 3828 Echtheit⁴,
887 3763 989 3832 inquit,
1015 3761 1100 3824 ,auch
1127 3763 1217 3816 dieser
1239 3763 1318 3817 Rede
1345 3763 1373 3816 iu

255 3847 368 3902 Zweit'el
394 3865 427 3901 zu
453 3848 546 3914 zichn,
573 3848 638 3901 seho
663 3847 706 3901 ich
734 3847 836 3901 keiucn
862 3848 969 3902 Grund.
1010 3846 1126 3902 Photios
1144 3853 1208 3916 sagr
1226 3845 1297 3902 doch
1315 3863 1377 3915 nur,

256 3935 321 3988 dass
341 3935 428 3988 Arist.
453 3933 482 3986 in
507 3933 549 3984 ihr
573 3933 627 3986 den
651 3932 854 3987 Demosthenes
879 3932 967 3999 (nicht
986 3932 1031 3986 die
1050 3939 1134 3987 unter
1150 3933 1251 3987 desseu
1270 3933 1376 3988 Namen

256 4019 433 4073 vorhandeue
458 4018 554 4086 Rode)
577 4015 659 4088 oifrig
683 4015 832 4086 bchtmpse
855 4019 913 4071 und
937 4018 1023 4072 drmit
1047 4017 1180 4087 howeiss,
1199 4019 1264 4073 dass
1283 4018 1376 4072 dieser

256 4119 344 4173 gegen
364 4103 410 4158 ihn
429 4104 636 4174 gesehrieben“.

343 4193 370 4258 l)
387 4189 442 4244 vid.
462 4206 489 4259 p.
502 4195 525 4242 t.

342 4277 369 4340 2)
387 4273 421 4328 cf.
440 4275 529 4328 Bless.
552 4274 611 4329 Att.
629 4274 743 4328 Bereds.
762 4273 840 4328 IIIA
860 4291 887 4343 p.
900 4277 940 4328 34.
