<?xml version="1.0" encoding="UTF-8"?>
<!DOCTYPE html PUBLIC "-//W3C//DTD XHTML 1.0 Transitional//EN"
    "http://www.w3.org/TR/xhtml1/DTD/xhtml1-transitional.dtd">
<html xmlns="http://www.w3.org/1999/xhtml" xml:lang="en" lang="en">
 <head>
  <title>
</title>
<meta http-equiv="Content-Type" content="text/html;charset=utf-8" />
  <meta name='ocr-system' content='tesseract 3.04.00' />
  <meta name='ocr-capabilities' content='ocr_page ocr_carea ocr_par ocr_line ocrx_word'/>
</head>
<body>
  <div class='ocr_page' id='page_1' title='image "./descriptoreprio00stiegoog_0026.png"; bbox 0 0 3104 4758; ppageno 0'>
   <div class='ocr_carea' id='block_1_1' title="bbox 1258 293 1295 354">
    <p class='ocr_par' dir='ltr' id='par_1_1' title="bbox 1258 293 1295 354">
     <span class='ocr_line' id='line_1_1' title="bbox 1258 293 1295 354; baseline 0 0"><span class='ocrx_word' id='word_1_1' title='bbox 1258 293 1295 354; x_wconf 83' lang='lat'><strong>21</strong></span> 
     </span>
    </p>
   </div>
   <div class='ocr_carea' id='block_1_2' title="bbox 175 457 1299 750">
    <p class='ocr_par' dir='ltr' id='par_1_2' title="bbox 175 457 1299 750">
     <span class='ocr_line' id='line_1_2' title="bbox 176 457 1299 543; baseline 0.004 -21"><span class='ocrx_word' id='word_1_2' title='bbox 176 457 227 525; x_wconf 84' lang='lat' dir='ltr'><strong>Fr.</strong></span> <span class='ocrx_word' id='word_1_3' title='bbox 250 457 398 524; x_wconf 85' lang='lat' dir='ltr'><strong>Blassius</strong></span> <span class='ocrx_word' id='word_1_4' title='bbox 422 459 648 524; x_wconf 81' lang='lat' dir='ltr'>Demosthenis</span> <span class='ocrx_word' id='word_1_5' title='bbox 671 467 770 525; x_wconf 86' lang='lat' dir='ltr'><strong>artem</strong></span> <span class='ocrx_word' id='word_1_6' title='bbox 794 462 940 543; x_wconf 87' lang='lat' dir='ltr'><strong>agnovit,</strong></span> <span class='ocrx_word' id='word_1_7' title='bbox 969 461 1045 543; x_wconf 87' lang='lat' dir='ltr'><strong>quid</strong></span> <span class='ocrx_word' id='word_1_8' title='bbox 1074 461 1113 526; x_wconf 87' lang='lat' dir='ltr'><strong>de</strong></span> <span class='ocrx_word' id='word_1_9' title='bbox 1136 480 1176 526; x_wconf 87' lang='lat' dir='ltr'><strong>es</strong></span> <span class='ocrx_word' id='word_1_10' title='bbox 1199 481 1234 526; x_wconf 91' lang='lat' dir='ltr'><strong>re</strong></span> <span class='ocrx_word' id='word_1_11' title='bbox 1257 463 1299 526; x_wconf 89' lang='lat' dir='ltr'><strong>sit</strong></span> 
     </span>
     <span class='ocr_line' id='line_1_3' title="bbox 175 560 1298 648; baseline 0.005 -24"><span class='ocrx_word' id='word_1_12' title='bbox 175 560 394 642; x_wconf 82' lang='lat' dir='ltr'><strong>iudicandum,</strong></span> <span class='ocrx_word' id='word_1_13' title='bbox 424 563 532 646; x_wconf 89' lang='lat' dir='ltr'><strong>aptius</strong></span> <span class='ocrx_word' id='word_1_14' title='bbox 562 562 593 627; x_wconf 93' lang='lat' dir='ltr'><strong>in</strong></span> <span class='ocrx_word' id='word_1_15' title='bbox 624 564 720 628; x_wconf 89' lang='lat' dir='ltr'><strong>tertia</strong></span> <span class='ocrx_word' id='word_1_16' title='bbox 750 563 843 628; x_wconf 92' lang='lat' dir='ltr'><strong>huius</strong></span> <span class='ocrx_word' id='word_1_17' title='bbox 874 563 1174 630; x_wconf 86' lang='lat' dir='ltr'><strong>dissertatiunculae</strong></span> <span class='ocrx_word' id='word_1_18' title='bbox 1205 569 1298 648; x_wconf 87' lang='lat' dir='ltr'><strong>parte</strong></span> 
     </span>
     <span class='ocr_line' id='line_1_4' title="bbox 175 663 397 750; baseline 0.018 -24"><span class='ocrx_word' id='word_1_19' title='bbox 175 663 354 745; x_wconf 88' lang='lat' dir='ltr'><strong>inquiretur</strong></span> <span class='ocrx_word' id='word_1_20' title='bbox 364 664 397 750; x_wconf 85' lang='lat'><strong>¹).</strong></span> 
     </span>
    </p>
   </div>
   <div class='ocr_carea' id='block_1_3' title="bbox 173 901 1307 3755">
    <p class='ocr_par' dir='ltr' id='par_1_3' title="bbox 174 901 1299 1192">
     <span class='ocr_line' id='line_1_5' title="bbox 262 901 1296 988; baseline 0.002 -22"><span class='ocrx_word' id='word_1_21' title='bbox 262 901 414 967; x_wconf 81' lang='lat' dir='ltr'><strong>Venimus</strong></span> <span class='ocrx_word' id='word_1_22' title='bbox 438 903 480 967; x_wconf 86' lang='lat' dir='ltr'><strong>ad</strong></span> <span class='ocrx_word' id='word_1_23' title='bbox 504 902 677 967; x_wconf 88' lang='lat' dir='ltr'><strong>seeundum</strong></span> <span class='ocrx_word' id='word_1_24' title='bbox 701 903 814 984; x_wconf 90' lang='lat' dir='ltr'><strong>locum,</strong></span> <span class='ocrx_word' id='word_1_25' title='bbox 836 923 899 985; x_wconf 85' lang='lat' dir='ltr'><strong>quo</strong></span> <span class='ocrx_word' id='word_1_26' title='bbox 923 923 1076 985; x_wconf 86' lang='lat' dir='ltr'><strong>quaerere</strong></span> <span class='ocrx_word' id='word_1_27' title='bbox 1096 905 1296 988; x_wconf 91' lang='lat' dir='ltr'><strong>propositum</strong></span> 
     </span>
     <span class='ocr_line' id='line_1_6' title="bbox 174 1004 1299 1089; baseline 0 -19"><span class='ocrx_word' id='word_1_28' title='bbox 174 1011 261 1089; x_wconf 84' lang='lat' dir='ltr'><strong>erat,</strong></span> <span class='ocrx_word' id='word_1_29' title='bbox 288 1026 362 1069; x_wconf 93' lang='lat' dir='ltr'><strong>num</strong></span> <span class='ocrx_word' id='word_1_30' title='bbox 394 1004 476 1068; x_wconf 87' lang='lat' dir='ltr'><strong>hanc</strong></span> <span class='ocrx_word' id='word_1_31' title='bbox 506 1006 682 1070; x_wconf 87' lang='lat' dir='ltr'><strong>orationem</strong></span> <span class='ocrx_word' id='word_1_32' title='bbox 714 1005 833 1088; x_wconf 87' lang='lat' dir='ltr'><strong>aliquis</strong></span> <span class='ocrx_word' id='word_1_33' title='bbox 865 1006 1048 1087; x_wconf 82' lang='lat' dir='ltr'><strong>aequalium</strong></span> <span class='ocrx_word' id='word_1_34' title='bbox 1072 1006 1299 1072; x_wconf 81' lang='lat' dir='ltr'>Demosthenis</span> 
     </span>
     <span class='ocr_line' id='line_1_7' title="bbox 176 1107 792 1192; baseline 0 -20"><span class='ocrx_word' id='word_1_35' title='bbox 176 1114 207 1173; x_wconf 92' lang='lat' dir='ltr'><strong>et</strong></span> <span class='ocrx_word' id='word_1_36' title='bbox 230 1107 429 1172; x_wconf 79' lang='lat' dir='ltr'><strong>conscribere</strong></span> <span class='ocrx_word' id='word_1_37' title='bbox 451 1113 482 1172; x_wconf 89' lang='lat' dir='ltr'><strong>et</strong></span> <span class='ocrx_word' id='word_1_38' title='bbox 505 1107 624 1172; x_wconf 83' lang='lat' dir='ltr'><strong>habere</strong></span> <span class='ocrx_word' id='word_1_39' title='bbox 646 1109 792 1192; x_wconf 86' lang='lat' dir='ltr'><strong>potuerit</strong></span> 
     </span>
    </p>

    <p class='ocr_par' dir='ltr' id='par_1_4' title="bbox 173 1210 1307 3755">
     <span class='ocr_line' id='line_1_8' title="bbox 261 1210 1307 1295; baseline 0.001 -22"><span class='ocrx_word' id='word_1_40' title='bbox 261 1210 427 1274; x_wconf 83' lang='lat' dir='ltr'>Traditum</span> <span class='ocrx_word' id='word_1_41' title='bbox 452 1217 500 1275; x_wconf 88' lang='lat' dir='ltr'><strong>est</strong></span> <span class='ocrx_word' id='word_1_42' title='bbox 523 1211 704 1295; x_wconf 76' lang='lat' dir='ltr'><strong>Lycurgum</strong></span> <span class='ocrx_word' id='word_1_43' title='bbox 733 1211 765 1274; x_wconf 91' lang='lat' dir='ltr'><strong>in</strong></span> <span class='ocrx_word' id='word_1_44' title='bbox 790 1211 1005 1293; x_wconf 83' lang='lat' dir='ltr'><strong>Aristogitone</strong></span> <span class='ocrx_word' id='word_1_45' title='bbox 1035 1211 1216 1276; x_wconf 84' lang='lat' dir='ltr'><strong>accusando</strong></span> <span class='ocrx_word' id='word_1_46' title='bbox 1240 1211 1307 1276; x_wconf 86' lang='lat' dir='ltr'><strong>ad-¹</strong></span> 
     </span>
     <span class='ocr_line' id='line_1_9' title="bbox 177 1311 1296 1396; baseline 0 -20"><span class='ocrx_word' id='word_1_47' title='bbox 177 1313 277 1378; x_wconf 92' lang='lat' dir='ltr'><strong>iutunr</strong></span> <span class='ocrx_word' id='word_1_48' title='bbox 300 1332 371 1377; x_wconf 84' lang='lat' dir='ltr'><strong>esse</strong></span> <span class='ocrx_word' id='word_1_49' title='bbox 394 1312 661 1394; x_wconf 79' lang='lat' dir='ltr'><strong>aDemosthene3</strong></span> <span class='ocrx_word' id='word_1_50' title='bbox 684 1313 757 1396; x_wconf 88' lang='lat' dir='ltr'><strong>ipsa</strong></span> <span class='ocrx_word' id='word_1_51' title='bbox 779 1312 881 1376; x_wconf 88' lang='lat' dir='ltr'><strong>oratio</strong></span> <span class='ocrx_word' id='word_1_52' title='bbox 895 1311 1121 1395; x_wconf 82' lang='lat' dir='ltr'><strong>Aristogitonis</strong></span> <span class='ocrx_word' id='word_1_53' title='bbox 1144 1312 1296 1377; x_wconf 84' lang='lat' dir='ltr'><strong>exstabat</strong></span> 
     </span>
     <span class='ocr_line' id='line_1_10' title="bbox 175 1407 1299 1500; baseline 0.003 -23"><span class='ocrx_word' id='word_1_54' title='bbox 175 1415 331 1499; x_wconf 87' lang='lat' dir='ltr'><strong>inscripta</strong></span> <span class='ocrx_word' id='word_1_55' title='bbox 355 1407 540 1498; x_wconf 73' lang='grc' dir='ltr'><em>’ἀπολογία</em></span> <span class='ocrx_word' id='word_1_56' title='bbox 584 1412 670 1499; x_wconf 84' lang='grc' dir='ltr'><em>πρὸς</em></span> <span class='ocrx_word' id='word_1_57' title='bbox 712 1407 775 1500; x_wconf 78' lang='grc' dir='ltr'><strong>τὴν</strong></span> <span class='ocrx_word' id='word_1_58' title='bbox 819 1412 959 1496; x_wconf 75' lang='grc' dir='ltr'><strong>ἔνδειξιν</strong></span> <span class='ocrx_word' id='word_1_59' title='bbox 999 1411 1200 1500; x_wconf 78' lang='grc' dir='ltr'><em>Λυκούργου</em></span> <span class='ocrx_word' id='word_1_60' title='bbox 1244 1417 1299 1480; x_wconf 87' lang='grc' dir='ltr'><strong>καὶ</strong></span> 
     </span>
     <span class='ocr_line' id='line_1_11' title="bbox 176 1516 1299 1601; baseline -0.002 -18"><span class='ocrx_word' id='word_1_61' title='bbox 176 1516 465 1601; x_wconf 59' lang='grc' dir='ltr'><em>Δημοσθένουςῖμ</em></span> <span class='ocrx_word' id='word_1_62' title='bbox 502 1536 607 1597; x_wconf 86' lang='lat' dir='ltr'><strong>neque</strong></span> <span class='ocrx_word' id='word_1_63' title='bbox 637 1517 823 1582; x_wconf 81' lang='lat' dir='ltr'><strong>incredibile</strong></span> <span class='ocrx_word' id='word_1_64' title='bbox 852 1524 900 1582; x_wconf 89' lang='lat' dir='ltr'><strong>cst</strong></span> <span class='ocrx_word' id='word_1_65' title='bbox 929 1517 1176 1599; x_wconf 84' lang='lat' dir='ltr'><strong>Aristogitonem</strong></span> <span class='ocrx_word' id='word_1_66' title='bbox 1210 1517 1299 1581; x_wconf 82' lang='lat' dir='ltr'><strong>illam</strong></span> 
     </span>
     <span class='ocr_line' id='line_1_12' title="bbox 176 1617 1300 1704; baseline 0.002 -22"><span class='ocrx_word' id='word_1_67' title='bbox 176 1620 352 1683; x_wconf 88' lang='lat' dir='ltr'><strong>orationem</strong></span> <span class='ocrx_word' id='word_1_68' title='bbox 386 1638 419 1682; x_wconf 88' lang='lat' dir='ltr'><strong>re</strong></span> <span class='ocrx_word' id='word_1_69' title='bbox 450 1623 527 1683; x_wconf 83' lang='lat' dir='ltr'><strong>vera</strong></span> <span class='ocrx_word' id='word_1_70' title='bbox 549 1619 787 1704; x_wconf 86' lang='lat' dir='ltr'><strong>conscripsisse:</strong></span> <span class='ocrx_word' id='word_1_71' title='bbox 817 1617 1035 1697; x_wconf 78' lang='lat' dir='ltr'><strong>Quintilianus</strong></span> <span class='ocrx_word' id='word_1_72' title='bbox 1061 1619 1145 1683; x_wconf 89' lang='lat' dir='ltr'><strong>enim</strong></span> <span class='ocrx_word' id='word_1_73' title='bbox 1172 1638 1244 1683; x_wconf 93' lang='lat' dir='ltr'><strong>eum</strong></span> <span class='ocrx_word' id='word_1_74' title='bbox 1267 1620 1300 1684; x_wconf 92' lang='lat' dir='ltr'><strong>in</strong></span> 
     </span>
     <span class='ocr_line' id='line_1_13' title="bbox 173 1721 1300 1805; baseline -0.001 -19"><span class='ocrx_word' id='word_1_75' title='bbox 173 1721 421 1786; x_wconf 86' lang='lat' dir='ltr'><strong>clarissimorum</strong></span> <span class='ocrx_word' id='word_1_76' title='bbox 458 1729 618 1786; x_wconf 89' lang='lat' dir='ltr'><strong>oratorum</strong></span> <span class='ocrx_word' id='word_1_77' title='bbox 649 1722 890 1786; x_wconf 89' lang='lat' dir='ltr'><strong>Atheniensium</strong></span> <span class='ocrx_word' id='word_1_78' title='bbox 928 1742 1058 1786; x_wconf 88' lang='lat' dir='ltr'><strong>numero</strong></span> <span class='ocrx_word' id='word_1_79' title='bbox 1093 1722 1239 1805; x_wconf 65' lang='lat' dir='ltr'><strong>referti),</strong></span> <span class='ocrx_word' id='word_1_80' title='bbox 1268 1729 1300 1787; x_wconf 90' lang='lat' dir='ltr'><strong>et</strong></span> 
     </span>
     <span class='ocr_line' id='line_1_14' title="bbox 174 1823 1296 1907; baseline -0.002 -17"><span class='ocrx_word' id='word_1_81' title='bbox 174 1825 393 1906; x_wconf 84' lang='lat' dir='ltr'><strong>Hermogenes</strong></span> <span class='ocrx_word' id='word_1_82' title='bbox 415 1823 484 1888; x_wconf 89' lang='lat' dir='ltr'><strong>elus</strong></span> <span class='ocrx_word' id='word_1_83' title='bbox 506 1843 608 1907; x_wconf 86' lang='lat' dir='ltr'><strong>genus</strong></span> <span class='ocrx_word' id='word_1_84' title='bbox 631 1823 756 1888; x_wconf 89' lang='lat' dir='ltr'><strong>dicendi</strong></span> <span class='ocrx_word' id='word_1_85' title='bbox 780 1824 932 1888; x_wconf 87' lang='lat' dir='ltr'><strong>describit</strong></span> <span class='ocrx_word' id='word_1_86' title='bbox 941 1828 973 1903; x_wconf 81' lang='lat'><strong>⁴).</strong></span> <span class='ocrx_word' id='word_1_87' title='bbox 1025 1823 1169 1888; x_wconf 85' lang='lat' dir='ltr'><strong>Blassius</strong></span> <span class='ocrx_word' id='word_1_88' title='bbox 1191 1833 1296 1889; x_wconf 89' lang='lat' dir='ltr'><strong>autem</strong></span> 
     </span>
     <span class='ocr_line' id='line_1_15' title="bbox 175 1927 1298 2009; baseline -0.001 -17"><span class='ocrx_word' id='word_1_89' title='bbox 175 1947 213 1992; x_wconf 93' lang='lat' dir='ltr'><strong>ne</strong></span> <span class='ocrx_word' id='word_1_90' title='bbox 250 1946 321 1992; x_wconf 88' lang='lat' dir='ltr'><strong>eam</strong></span> <span class='ocrx_word' id='word_1_91' title='bbox 361 1927 488 2008; x_wconf 92' lang='lat' dir='ltr'><strong>quidem</strong></span> <span class='ocrx_word' id='word_1_92' title='bbox 527 1929 701 1992; x_wconf 90' lang='lat' dir='ltr'><strong>orationem</strong></span> <span class='ocrx_word' id='word_1_93' title='bbox 740 1929 911 2009; x_wconf 86' lang='lat' dir='ltr'><strong>genuinam</strong></span> <span class='ocrx_word' id='word_1_94' title='bbox 947 1947 1018 1993; x_wconf 91' lang='lat' dir='ltr'><strong>esse</strong></span> <span class='ocrx_word' id='word_1_95' title='bbox 1049 1927 1194 2008; x_wconf 67' lang='lat' dir='ltr'><strong>putam),</strong></span> <span class='ocrx_word' id='word_1_96' title='bbox 1225 1947 1298 1991; x_wconf 90' lang='lat' dir='ltr'><strong>mea</strong></span> 
     </span>
     <span class='ocr_line' id='line_1_16' title="bbox 175 2029 1297 2112; baseline 0 -18"><span class='ocrx_word' id='word_1_97' title='bbox 175 2030 303 2112; x_wconf 87' lang='lat' dir='ltr'><strong>quidem</strong></span> <span class='ocrx_word' id='word_1_98' title='bbox 328 2031 487 2094; x_wconf 88' lang='lat' dir='ltr'><strong>sententia</strong></span> <span class='ocrx_word' id='word_1_99' title='bbox 511 2030 601 2093; x_wconf 87' lang='lat' dir='ltr'><strong>nulla</strong></span> <span class='ocrx_word' id='word_1_100' title='bbox 625 2031 810 2094; x_wconf 87' lang='lat' dir='ltr'><strong>necessaria</strong></span> <span class='ocrx_word' id='word_1_101' title='bbox 833 2051 931 2095; x_wconf 86' lang='lat' dir='ltr'><strong>causa</strong></span> <span class='ocrx_word' id='word_1_102' title='bbox 954 2029 1119 2095; x_wconf 87' lang='lat' dir='ltr'><strong>adductus.</strong></span> <span class='ocrx_word' id='word_1_103' title='bbox 1166 2029 1297 2094; x_wconf 89' lang='lat' dir='ltr'><strong>Photius</strong></span> 
     </span>
     <span class='ocr_line' id='line_1_17' title="bbox 174 2132 1298 2216; baseline 0 -19"><span class='ocrx_word' id='word_1_104' title='bbox 174 2133 257 2198; x_wconf 89' lang='lat' dir='ltr'><strong>euim</strong></span> <span class='ocrx_word' id='word_1_105' title='bbox 290 2133 438 2197; x_wconf 79' lang='lat' dir='ltr'><strong>refellens</strong></span> <span class='ocrx_word' id='word_1_106' title='bbox 470 2133 622 2196; x_wconf 89' lang='lat' dir='ltr'><strong>iudicium</strong></span> <span class='ocrx_word' id='word_1_107' title='bbox 654 2133 816 2216; x_wconf 85' lang='lat' dir='ltr'><strong>Dionysii,</strong></span> <span class='ocrx_word' id='word_1_108' title='bbox 846 2134 900 2215; x_wconf 89' lang='lat' dir='ltr'><strong>qui</strong></span> <span class='ocrx_word' id='word_1_109' title='bbox 928 2132 1191 2216; x_wconf 81' lang='lat' dir='ltr'><strong>Aristogitonium</strong></span> <span class='ocrx_word' id='word_1_110' title='bbox 1223 2151 1298 2198; x_wconf 88' lang='lat' dir='ltr'><strong>vere</strong></span> 
     </span>
     <span class='ocr_line' id='line_1_18' title="bbox 176 2227 1298 2319; baseline -0.002 -18"><span class='ocrx_word' id='word_1_111' title='bbox 176 2234 455 2301; x_wconf 83' lang='lat' dir='ltr'><strong>Demosthenicum</strong></span> <span class='ocrx_word' id='word_1_112' title='bbox 480 2255 551 2299; x_wconf 91' lang='lat' dir='ltr'><strong>esse</strong></span> <span class='ocrx_word' id='word_1_113' title='bbox 573 2242 764 2319; x_wconf 86' lang='lat' dir='ltr'><strong>negaverat:</strong></span> <span class='ocrx_word' id='word_1_114' title='bbox 788 2227 862 2300; x_wconf 76' lang='grc' dir='ltr'><em>οὐδ’</em></span> <span class='ocrx_word' id='word_1_115' title='bbox 885 2234 1004 2312; x_wconf 76' lang='grc' dir='ltr'><em>ἐκεῖνο,</em></span> <span class='ocrx_word' id='word_1_116' title='bbox 1027 2234 1131 2316; x_wconf 88' lang='lat' dir='ltr'><strong>inquit</strong></span> <span class='ocrx_word' id='word_1_117' title='bbox 1150 2235 1298 2300; x_wconf 80' lang='grc' dir='ltr'><em>συνιδεῖν</em></span> 
     </span>
     <span class='ocr_line' id='line_1_19' title="bbox 173 2329 1297 2423; baseline -0.001 -20"><span class='ocrx_word' id='word_1_118' title='bbox 173 2335 336 2423; x_wconf 77' lang='grc' dir='ltr'><strong>ἐθελήσας</strong></span> <span class='ocrx_word' id='word_1_119' title='bbox 358 2338 413 2423; x_wconf 85' lang='lat' dir='ltr'><strong>(sc.</strong></span> <span class='ocrx_word' id='word_1_120' title='bbox 438 2334 636 2420; x_wconf 81' lang='grc' dir='ltr'><em>Διονύσιος),</em></span> <span class='ocrx_word' id='word_1_121' title='bbox 665 2329 711 2415; x_wconf 81' lang='grc' dir='ltr'><strong>ὡς</strong></span> <span class='ocrx_word' id='word_1_122' title='bbox 740 2342 862 2422; x_wconf 75' lang='grc' dir='ltr'><em>πολλῷ</em></span> <span class='ocrx_word' id='word_1_123' title='bbox 889 2339 1013 2421; x_wconf 79' lang='grc' dir='ltr'><em>μείζοον</em></span> <span class='ocrx_word' id='word_1_124' title='bbox 1043 2336 1133 2402; x_wconf 79' lang='grc' dir='ltr'><em>ἐστὶν</em></span> <span class='ocrx_word' id='word_1_125' title='bbox 1162 2330 1247 2422; x_wconf 77' lang='grc' dir='ltr'><em>ἥπερ</em></span> <span class='ocrx_word' id='word_1_126' title='bbox 1277 2332 1297 2422; x_wconf 77' lang='grc' dir='ltr'><em>ἦ</em></span> 
     </span>
     <span class='ocr_line' id='line_1_20' title="bbox 174 2432 1297 2525; baseline -0.001 -19"><span class='ocrx_word' id='word_1_127' title='bbox 174 2441 306 2508; x_wconf 78' lang='grc' dir='ltr'><em>ἐκείνου</em></span> <span class='ocrx_word' id='word_1_128' title='bbox 333 2433 501 2522; x_wconf 77' lang='grc' dir='ltr'><em>ἀπόφασις</em></span> <span class='ocrx_word' id='word_1_129' title='bbox 530 2433 631 2516; x_wconf 85' lang='grc' dir='ltr'><em>αύτδς</em></span> <span class='ocrx_word' id='word_1_130' title='bbox 661 2435 679 2505; x_wconf 86' lang='grc' dir='ltr'><strong>ὁ</strong></span> <span class='ocrx_word' id='word_1_131' title='bbox 708 2435 958 2525; x_wconf 72' lang='grc' dir='ltr'><em>Ἀριστογείτων</em></span> <span class='ocrx_word' id='word_1_132' title='bbox 989 2432 1206 2525; x_wconf 80' lang='grc' dir='ltr'><em>ύνομολογούν</em></span> <span class='ocrx_word' id='word_1_133' title='bbox 1236 2442 1297 2525; x_wconf 81' lang='grc' dir='ltr'><em>Λεγ-</em></span> 
     </span>
     <span class='ocr_line' id='line_1_21' title="bbox 174 2534 1298 2636; baseline -0.004 -26"><span class='ocrx_word' id='word_1_134' title='bbox 174 2545 347 2629; x_wconf 80' lang='grc' dir='ltr'><em>μοοθένην</em></span> <span class='ocrx_word' id='word_1_135' title='bbox 371 2535 443 2607; x_wconf 75' lang='grc' dir='ltr'><em>κατ’</em></span> <span class='ocrx_word' id='word_1_136' title='bbox 467 2535 586 2636; x_wconf 38' lang='grc' dir='ltr'><em>αὐτοῦ,</em></span> <span class='ocrx_word' id='word_1_137' title='bbox 603 2544 819 2628; x_wconf 74' lang='grc' dir='ltr'><em>γεγραφέναι’</em></span> <span class='ocrx_word' id='word_1_138' title='bbox 853 2544 907 2606; x_wconf 84' lang='grc' dir='ltr'><strong>καὶ</strong></span> <span class='ocrx_word' id='word_1_139' title='bbox 932 2539 995 2626; x_wconf 81' lang='grc' dir='ltr'><strong>γὰρ</strong></span> <span class='ocrx_word' id='word_1_140' title='bbox 1024 2534 1298 2627; x_wconf 78' lang='grc' dir='ltr'><em>ἀπολογούμενος</em></span> 
     </span>
     <span class='ocr_line' id='line_1_22' title="bbox 176 2635 1298 2731; baseline -0.001 -21"><span class='ocrx_word' id='word_1_141' title='bbox 176 2638 240 2710; x_wconf 84' lang='grc' dir='ltr'><strong>ούκ</strong></span> <span class='ocrx_word' id='word_1_142' title='bbox 263 2645 300 2711; x_wconf 80' lang='grc' dir='ltr'><strong>ἐν</strong></span> <span class='ocrx_word' id='word_1_143' title='bbox 322 2650 371 2731; x_wconf 70' lang='grc' dir='ltr'><em>τογ’)</em></span> <span class='ocrx_word' id='word_1_144' title='bbox 393 2645 551 2730; x_wconf 76' lang='grc' dir='ltr'><em>παρέργῳ</em></span> <span class='ocrx_word' id='word_1_145' title='bbox 567 2646 686 2729; x_wconf 75' lang='grc' dir='ltr'><em>λέγων,</em></span> <span class='ocrx_word' id='word_1_146' title='bbox 711 2637 787 2710; x_wconf 76' lang='grc' dir='ltr'><em>ἄλλ’</em></span> <span class='ocrx_word' id='word_1_147' title='bbox 807 2643 970 2727; x_wconf 76' lang='grc' dir='ltr'><em>ἐπιμελῶς</em></span> <span class='ocrx_word' id='word_1_148' title='bbox 987 2635 1298 2728; x_wconf 74' lang='grc' dir='ltr'><em>ἀνταγωνιζόμενος</em></span> 
     </span>
     <span class='ocr_line' id='line_1_23' title="bbox 175 2738 1297 2834; baseline -0.004 -20"><span class='ocrx_word' id='word_1_149' title='bbox 175 2749 212 2814; x_wconf 80' lang='grc' dir='ltr'><strong>ἐν</strong></span> <span class='ocrx_word' id='word_1_150' title='bbox 234 2752 283 2834; x_wconf 76' lang='grc' dir='ltr'><strong>τῷ</strong></span> <span class='ocrx_word' id='word_1_151' title='bbox 308 2744 397 2832; x_wconf 82' lang='grc' dir='ltr'><em>λόγῳ</em></span> <span class='ocrx_word' id='word_1_152' title='bbox 420 2748 607 2826; x_wconf 75' lang='grc' dir='ltr'><em>δείκνυται,</em></span> <span class='ocrx_word' id='word_1_153' title='bbox 636 2739 671 2824; x_wconf 80' lang='grc' dir='ltr'><strong>ὃς</strong></span> <span class='ocrx_word' id='word_1_154' title='bbox 695 2747 934 2832; x_wconf 79' lang='grc' dir='ltr'><em>ἐπιγέγραπται</em></span> <span class='ocrx_word' id='word_1_155' title='bbox 960 2743 1046 2830; x_wconf 79' lang='grc' dir='ltr'><em>πρὸς</em></span> <span class='ocrx_word' id='word_1_156' title='bbox 1068 2738 1132 2830; x_wconf 79' lang='grc' dir='ltr'><strong>τήν</strong></span> <span class='ocrx_word' id='word_1_157' title='bbox 1155 2743 1297 2828; x_wconf 73' lang='grc' dir='ltr'><em>ἔνδειξιν</em></span> 
     </span>
     <span class='ocr_line' id='line_1_24' title="bbox 175 2846 1297 2934; baseline -0.004 -18"><span class='ocrx_word' id='word_1_158' title='bbox 175 2846 375 2934; x_wconf 85' lang='grc' dir='ltr'><em>Λυκούργου</em></span> <span class='ocrx_word' id='word_1_159' title='bbox 412 2850 467 2914; x_wconf 82' lang='grc' dir='ltr'><strong>καὶ</strong></span> <span class='ocrx_word' id='word_1_160' title='bbox 505 2849 749 2934; x_wconf 77' lang='grc' dir='ltr'><em>Λημοσθένους.</em></span> <span class='ocrx_word' id='word_1_161' title='bbox 777 2847 894 2926; x_wconf 78' lang='lat' dir='ltr'><strong>&#39;Quae</strong></span> <span class='ocrx_word' id='word_1_162' title='bbox 929 2848 1027 2913; x_wconf 82' lang='lat' dir='ltr'><strong>rerba</strong></span> <span class='ocrx_word' id='word_1_163' title='bbox 1061 2849 1107 2912; x_wconf 89' lang='lat' dir='ltr'><strong>sic</strong></span> <span class='ocrx_word' id='word_1_164' title='bbox 1141 2848 1297 2913; x_wconf 86' lang='lat' dir='ltr'><strong>intellexit</strong></span> 
     </span>
     <span class='ocr_line' id='line_1_25' title="bbox 176 2941 1298 3034; baseline -0.003 -17"><span class='ocrx_word' id='word_1_165' title='bbox 176 2941 335 3018; x_wconf 85' lang='lat' dir='ltr'><strong>Blassius:</strong></span> <span class='ocrx_word' id='word_1_166' title='bbox 369 2951 426 3016; x_wconf 87' lang='lat' dir='ltr'><strong>illa</strong></span> <span class='ocrx_word' id='word_1_167' title='bbox 461 2953 605 3016; x_wconf 88' lang='lat' dir='ltr'><strong>oratione</strong></span> <span class='ocrx_word' id='word_1_168' title='bbox 641 2952 889 3034; x_wconf 88' lang='lat' dir='ltr'><strong>Aristogitonem</strong></span> <span class='ocrx_word' id='word_1_169' title='bbox 926 2951 1034 3015; x_wconf 87' lang='lat' dir='ltr'><strong>omnia</strong></span> <span class='ocrx_word' id='word_1_170' title='bbox 1069 2958 1153 3032; x_wconf 87' lang='lat' dir='ltr'><strong>qua&#39;e</strong></span> <span class='ocrx_word' id='word_1_171' title='bbox 1188 2957 1298 3015; x_wconf 90' lang='lat' dir='ltr'><strong>auctor</strong></span> 
     </span>
     <span class='ocr_line' id='line_1_26' title="bbox 175 3052 1295 3137; baseline -0.002 -17"><span class='ocrx_word' id='word_1_172' title='bbox 175 3055 268 3120; x_wconf 90' lang='lat' dir='ltr'><strong>huius</strong></span> <span class='ocrx_word' id='word_1_173' title='bbox 298 3075 393 3137; x_wconf 88' lang='lat' dir='ltr'><strong>quam</strong></span> <span class='ocrx_word' id='word_1_174' title='bbox 425 3075 483 3118; x_wconf 94' lang='lat' dir='ltr'><strong>nos</strong></span> <span class='ocrx_word' id='word_1_175' title='bbox 511 3053 686 3118; x_wconf 84' lang='lat' dir='ltr'><strong>habeamus</strong></span> <span class='ocrx_word' id='word_1_176' title='bbox 709 3052 861 3117; x_wconf 86' lang='lat' dir='ltr'><strong>orationis</strong></span> <span class='ocrx_word' id='word_1_177' title='bbox 884 3052 1071 3137; x_wconf 89' lang='lat' dir='ltr'><strong>protulisset</strong></span> <span class='ocrx_word' id='word_1_178' title='bbox 1093 3053 1227 3117; x_wconf 89' lang='lat' dir='ltr'><strong>crimina</strong></span> <span class='ocrx_word' id='word_1_179' title='bbox 1250 3073 1295 3118; x_wconf 82' lang='lat' dir='ltr'><strong>re</strong></span> 
     </span>
     <span class='ocr_line' id='line_1_27' title="bbox 175 3154 1296 3239; baseline -0.004 -18"><span class='ocrx_word' id='word_1_180' title='bbox 175 3157 297 3224; x_wconf 89' lang='lat' dir='ltr'><strong>sellisse</strong></span> <span class='ocrx_word' id='word_1_181' title='bbox 332 3176 395 3220; x_wconf 93' lang='lat' dir='ltr'><strong>non</strong></span> <span class='ocrx_word' id='word_1_182' title='bbox 425 3155 519 3238; x_wconf 88' lang='lat' dir='ltr'><strong>quasi</strong></span> <span class='ocrx_word' id='word_1_183' title='bbox 555 3161 827 3239; x_wconf 83' lang='lat' dir='ltr'><strong>praetereuntem,</strong></span> <span class='ocrx_word' id='word_1_184' title='bbox 862 3154 918 3219; x_wconf 89' lang='lat' dir='ltr'><strong>sed</strong></span> <span class='ocrx_word' id='word_1_185' title='bbox 948 3154 1117 3236; x_wconf 87' lang='lat' dir='ltr'><strong>diligenter</strong></span> <span class='ocrx_word' id='word_1_186' title='bbox 1152 3155 1296 3236; x_wconf 79' lang='lat' dir='ltr'><strong>singula3</strong></span> 
     </span>
     <span class='ocr_line' id='line_1_28' title="bbox 176 3256 1297 3343; baseline -0.004 -18"><span class='ocrx_word' id='word_1_187' title='bbox 176 3262 285 3343; x_wconf 87' lang='lat' dir='ltr'><strong>itaque</strong></span> <span class='ocrx_word' id='word_1_188' title='bbox 312 3259 402 3325; x_wconf 84' lang='lat' dir='ltr'><strong>illam</strong></span> <span class='ocrx_word' id='word_1_189' title='bbox 431 3277 558 3341; x_wconf 87' lang='lat' dir='ltr'><strong>quoque</strong></span> <span class='ocrx_word' id='word_1_190' title='bbox 585 3258 779 3339; x_wconf 85' lang='lat' dir='ltr'><strong>orationem,</strong></span> <span class='ocrx_word' id='word_1_191' title='bbox 809 3276 894 3339; x_wconf 88' lang='lat' dir='ltr'><strong>quae</strong></span> <span class='ocrx_word' id='word_1_192' title='bbox 917 3257 1142 3339; x_wconf 92' lang='lat' dir='ltr'><strong>Aristogitonis</strong></span> <span class='ocrx_word' id='word_1_193' title='bbox 1169 3256 1297 3322; x_wconf 91' lang='lat' dir='ltr'><strong>nominc</strong></span> 
     </span>
     <span class='ocr_line' id='line_1_29' title="bbox 175 3358 1297 3445; baseline -0.003 -18"><span class='ocrx_word' id='word_1_194' title='bbox 175 3362 468 3444; x_wconf 77' lang='lat' dir='ltr'><strong>circumferebatur,</strong></span> <span class='ocrx_word' id='word_1_195' title='bbox 499 3360 740 3445; x_wconf 87' lang='lat' dir='ltr'><strong>suppositiciam</strong></span> <span class='ocrx_word' id='word_1_196' title='bbox 765 3380 844 3426; x_wconf 85' lang='lat' dir='ltr'><strong>esse.</strong></span> <span class='ocrx_word' id='word_1_197' title='bbox 893 3359 1012 3423; x_wconf 87' lang='lat' dir='ltr'><strong>Statuit</strong></span> <span class='ocrx_word' id='word_1_198' title='bbox 1035 3359 1130 3442; x_wconf 89' lang='lat' dir='ltr'><strong>igitur</strong></span> <span class='ocrx_word' id='word_1_199' title='bbox 1153 3358 1201 3422; x_wconf 89' lang='lat' dir='ltr'><strong>vir</strong></span> <span class='ocrx_word' id='word_1_200' title='bbox 1225 3359 1297 3424; x_wconf 88' lang='lat' dir='ltr'><strong>doc·</strong></span> 
     </span>
     <span class='ocr_line' id='line_1_30' title="bbox 176 3460 1300 3544; baseline -0.006 -13"><span class='ocrx_word' id='word_1_201' title='bbox 176 3466 319 3531; x_wconf 89' lang='lat' dir='ltr'><strong>tissimus</strong></span> <span class='ocrx_word' id='word_1_202' title='bbox 350 3471 511 3530; x_wconf 88' lang='lat' dir='ltr'><strong>auctorem</strong></span> <span class='ocrx_word' id='word_1_203' title='bbox 543 3463 630 3527; x_wconf 90' lang='lat' dir='ltr'><strong>illius</strong></span> <span class='ocrx_word' id='word_1_204' title='bbox 653 3463 808 3528; x_wconf 86' lang='lat' dir='ltr'><strong>orationis</strong></span> <span class='ocrx_word' id='word_1_205' title='bbox 837 3462 934 3543; x_wconf 85' lang='lat' dir='ltr'><strong>hauc,</strong></span> <span class='ocrx_word' id='word_1_206' title='bbox 961 3481 1046 3544; x_wconf 85' lang='lat' dir='ltr'><strong>quae</strong></span> <span class='ocrx_word' id='word_1_207' title='bbox 1075 3460 1300 3527; x_wconf 91' lang='lat' dir='ltr'><strong>Demosthenis</strong></span> 
     </span>
     <span class='ocr_line' id='line_1_31' title="bbox 176 3563 1299 3652; baseline -0.007 -17"><span class='ocrx_word' id='word_1_208' title='bbox 176 3588 249 3635; x_wconf 88' lang='lat' dir='ltr'><strong>osse</strong></span> <span class='ocrx_word' id='word_1_209' title='bbox 270 3575 410 3652; x_wconf 85' lang='lat' dir='ltr'><strong>putatur,</strong></span> <span class='ocrx_word' id='word_1_210' title='bbox 432 3567 621 3650; x_wconf 86' lang='lat' dir='ltr'><strong>respexisse.</strong></span> <span class='ocrx_word' id='word_1_211' title='bbox 666 3567 709 3629; x_wconf 91' lang='lat' dir='ltr'><strong>At</strong></span> <span class='ocrx_word' id='word_1_212' title='bbox 731 3565 880 3647; x_wconf 88' lang='lat' dir='ltr'><strong>equidem</strong></span> <span class='ocrx_word' id='word_1_213' title='bbox 903 3584 966 3628; x_wconf 91' lang='lat' dir='ltr'><strong>nou</strong></span> <span class='ocrx_word' id='word_1_214' title='bbox 989 3563 1093 3648; x_wconf 79' lang='lat' dir='ltr'><strong>virleu,</strong></span> <span class='ocrx_word' id='word_1_215' title='bbox 1116 3583 1216 3646; x_wconf 81' lang='lat' dir='ltr'><strong>quare</strong></span> <span class='ocrx_word' id='word_1_216' title='bbox 1231 3563 1299 3628; x_wconf 84' lang='lat' dir='ltr'><strong>fieri</strong></span> 
     </span>
     <span class='ocr_line' id='line_1_32' title="bbox 179 3666 1298 3755; baseline -0.006 -19"><span class='ocrx_word' id='word_1_217' title='bbox 179 3693 242 3736; x_wconf 92' lang='lat' dir='ltr'><strong>non</strong></span> <span class='ocrx_word' id='word_1_218' title='bbox 258 3669 403 3755; x_wconf 86' lang='lat' dir='ltr'><strong>potuerit,</strong></span> <span class='ocrx_word' id='word_1_219' title='bbox 420 3677 453 3734; x_wconf 93' lang='lat' dir='ltr'><strong>ut</strong></span> <span class='ocrx_word' id='word_1_220' title='bbox 468 3675 578 3734; x_wconf 82' lang='lat' dir='ltr'><strong>contre</strong></span> <span class='ocrx_word' id='word_1_221' title='bbox 591 3676 701 3732; x_wconf 87' lang='lat' dir='ltr'><strong>auctor</strong></span> <span class='ocrx_word' id='word_1_222' title='bbox 714 3667 806 3731; x_wconf 90' lang='lat' dir='ltr'><strong>huius</strong></span> <span class='ocrx_word' id='word_1_223' title='bbox 817 3666 972 3732; x_wconf 86' lang='lat' dir='ltr'><strong>orationis</strong></span> <span class='ocrx_word' id='word_1_224' title='bbox 983 3667 1072 3731; x_wconf 87' lang='lat' dir='ltr'><strong>illam</strong></span> <span class='ocrx_word' id='word_1_225' title='bbox 1086 3666 1258 3751; x_wconf 84' lang='lat' dir='ltr'><strong>respiceret</strong></span> <span class='ocrx_word' id='word_1_226' title='bbox 1265 3666 1298 3750; x_wconf 83' lang='grc'><strong>6).</strong></span> 
     </span>
    </p>
   </div>
   <div class='ocr_carea' id='block_1_4' title="bbox 262 3844 1300 4335">
    <p class='ocr_par' dir='ltr' id='par_1_5' title="bbox 265 3844 388 3908">
     <span class='ocr_line' id='line_1_33' title="bbox 265 3844 388 3908; baseline -0.008 -15"><span class='ocrx_word' id='word_1_227' title='bbox 265 3844 290 3904; x_wconf 83' lang='lat' dir='ltr'><strong>l)</strong></span> <span class='ocrx_word' id='word_1_228' title='bbox 307 3844 388 3908; x_wconf 83' lang='lat' dir='ltr'><strong>p.36.</strong></span> 
     </span>
    </p>

    <p class='ocr_par' dir='ltr' id='par_1_6' title="bbox 262 3923 649 3992">
     <span class='ocr_line' id='line_1_34' title="bbox 262 3923 649 3992; baseline -0.008 -13"><span class='ocrx_word' id='word_1_229' title='bbox 262 3931 289 3991; x_wconf 79' lang='lat'><strong>2)</strong></span> <span class='ocrx_word' id='word_1_230' title='bbox 305 3923 422 3979; x_wconf 87' lang='lat' dir='ltr'><strong>Photius</strong></span> <span class='ocrx_word' id='word_1_231' title='bbox 442 3924 507 3978; x_wconf 92' lang='lat' dir='ltr'><strong>bibl.</strong></span> <span class='ocrx_word' id='word_1_232' title='bbox 526 3941 552 3992; x_wconf 87' lang='lat' dir='ltr'><strong>p.</strong></span> <span class='ocrx_word' id='word_1_233' title='bbox 566 3929 612 3976; x_wconf 79' lang='grc'><strong>491</strong></span> <span class='ocrx_word' id='word_1_234' title='bbox 625 3939 649 3976; x_wconf 84' lang='grc' dir='ltr'><strong>ει.</strong></span> 
     </span>
    </p>

    <p class='ocr_par' dir='ltr' id='par_1_7' title="bbox 262 4009 489 4076">
     <span class='ocr_line' id='line_1_35' title="bbox 262 4009 489 4076; baseline -0.009 -10"><span class='ocrx_word' id='word_1_235' title='bbox 262 4014 290 4076; x_wconf 82' lang='grc'><strong>3)</strong></span> <span class='ocrx_word' id='word_1_236' title='bbox 308 4009 370 4068; x_wconf 83' lang='lat' dir='ltr'>XII.</span> <span class='ocrx_word' id='word_1_237' title='bbox 392 4015 429 4064; x_wconf 87' lang='lat'><strong>10.</strong></span> <span class='ocrx_word' id='word_1_238' title='bbox 450 4015 489 4064; x_wconf 76' lang='lat'><strong>22.</strong></span> 
     </span>
    </p>

    <p class='ocr_par' dir='ltr' id='par_1_8' title="bbox 263 4097 748 4165">
     <span class='ocr_line' id='line_1_36' title="bbox 263 4097 748 4165; baseline -0.004 -15"><span class='ocrx_word' id='word_1_239' title='bbox 263 4099 290 4165; x_wconf 79' lang='lat' dir='ltr'><strong>t)</strong></span> <span class='ocrx_word' id='word_1_240' title='bbox 309 4115 337 4151; x_wconf 85' lang='grc' dir='ltr'><strong>π.</strong></span> <span class='ocrx_word' id='word_1_241' title='bbox 356 4098 389 4150; x_wconf 80' lang='lat' dir='ltr'><strong>iri.</strong></span> <span class='ocrx_word' id='word_1_242' title='bbox 408 4097 430 4163; x_wconf 90' lang='lat' dir='ltr'><strong>l,</strong></span> <span class='ocrx_word' id='word_1_243' title='bbox 449 4101 462 4149; x_wconf 79' lang='grc' dir='ltr'><strong>ἵ</strong></span> <span class='ocrx_word' id='word_1_244' title='bbox 482 4101 580 4165; x_wconf 68' lang='lat' dir='ltr'><strong>pith.</strong></span> <span class='ocrx_word' id='word_1_245' title='bbox 616 4099 748 4162; x_wconf 77' lang='lat' dir='ltr'><strong>9p.363.</strong></span> 
     </span>
    </p>

    <p class='ocr_par' dir='ltr' id='par_1_9' title="bbox 264 4179 716 4249">
     <span class='ocr_line' id='line_1_37' title="bbox 264 4179 716 4249; baseline -0.007 -13"><span class='ocrx_word' id='word_1_246' title='bbox 264 4185 292 4247; x_wconf 81' lang='lat'><strong>5)</strong></span> <span class='ocrx_word' id='word_1_247' title='bbox 309 4179 373 4236; x_wconf 84' lang='lat' dir='ltr'><strong>Au.</strong></span> <span class='ocrx_word' id='word_1_248' title='bbox 392 4181 506 4236; x_wconf 86' lang='lat' dir='ltr'><strong>Bereds.</strong></span> <span class='ocrx_word' id='word_1_249' title='bbox 525 4180 599 4234; x_wconf 94' lang='lat' dir='ltr'><strong>IlIB</strong></span> <span class='ocrx_word' id='word_1_250' title='bbox 618 4197 644 4249; x_wconf 89' lang='lat' dir='ltr'><strong>p.</strong></span> <span class='ocrx_word' id='word_1_251' title='bbox 659 4183 716 4233; x_wconf 79' lang='lat'>249.</span> 
     </span>
    </p>

    <p class='ocr_par' dir='ltr' id='par_1_10' title="bbox 267 4259 1300 4335">
     <span class='ocr_line' id='line_1_38' title="bbox 267 4259 1300 4335; baseline -0.008 -15"><span class='ocrx_word' id='word_1_252' title='bbox 267 4271 295 4335; x_wconf 77' lang='lat' dir='ltr'><strong>lt)</strong></span> <span class='ocrx_word' id='word_1_253' title='bbox 313 4266 430 4321; x_wconf 84' lang='lat' dir='ltr'><strong>Gaudeo</strong></span> <span class='ocrx_word' id='word_1_254' title='bbox 454 4281 540 4320; x_wconf 84' lang='lat' dir='ltr'><strong>meum</strong></span> <span class='ocrx_word' id='word_1_255' title='bbox 569 4264 736 4320; x_wconf 86' lang='lat' dir='ltr'><strong>sententium</strong></span> <span class='ocrx_word' id='word_1_256' title='bbox 755 4263 844 4333; x_wconf 86' lang='lat' dir='ltr'><strong>Lipsii</strong></span> <span class='ocrx_word' id='word_1_257' title='bbox 868 4262 1032 4316; x_wconf 80' lang='lat' dir='ltr'><strong>auctoritate</strong></span> <span class='ocrx_word' id='word_1_258' title='bbox 1057 4259 1228 4328; x_wconf 85' lang='lat' dir='ltr'><strong>confirmari,</strong></span> <span class='ocrx_word' id='word_1_259' title='bbox 1251 4259 1300 4329; x_wconf 87' lang='lat' dir='ltr'><strong>qui</strong></span> 
     </span>
    </p>
   </div>
   <div class='ocr_carea' id='block_1_5' title="bbox 0 0 1556 4758">
    <p class='ocr_par' dir='ltr' id='par_1_11' title="bbox 0 0 1556 4758">
     <span class='ocr_line' id='line_1_39' title="bbox 0 0 1556 4758; baseline 0 0"><span class='ocrx_word' id='word_1_260' title='bbox 0 0 1556 4758; x_wconf 95' lang='lat' dir='ltr'><strong> </strong></span> 
     </span>
    </p>
   </div>
  </div>
 </body>
</html>
