3104 4758
1331 273 1351 334 9

232 444 320 510 male
347 451 521 509 vexaverat
550 463 653 527 neque
682 444 912 528 impediverat,
941 463 982 509 ne
1010 443 1163 509 libertina
1185 461 1296 507 rursus
1318 442 1353 507 in

233 547 396 613 servitium
419 546 558 629 veniret,
581 547 633 611 ubi
657 553 734 612 nata
758 546 872 633 erat1).
916 547 1122 627 Hominibus,
1144 565 1278 629 quorum
1301 544 1351 609 bc-

232 649 345 715 ncficio
375 649 532 732 angustiis
562 649 717 715 liberatus
738 657 825 730 erat,
853 670 970 715 causas
998 649 1180 715 intenderat
1189 647 1224 731 2).
1268 649 1352 712 Tam

233 751 336 816 multa
357 750 515 818 eiusmodi
530 752 679 836 exempla
695 754 861 838 Lycurgus
879 751 1066 833 contulerat,
1087 757 1122 814 ut
1136 749 1353 832 Aristogitone

232 873 326 920 nemo
348 854 481 937 nequior·
503 854 666 920 videretur·
677 856 710 939 ³).
755 855 885 919 Summo
913 855 1012 918 animi
1043 853 1157 919 ardore
1185 853 1352 918 incitatum

232 976 303 1023 eum
327 956 448 1023 dixisse
470 957 647 1042 putandum
670 963 737 1043 ost,
760 957 935 1023 Minervam
960 957 1045 1023 onim
1068 962 1101 1022 ct
1123 962 1258 1022 matrcm
1279 955 1353 1020 dcc·

232 1081 301 1124 rum
325 1060 546 1142 invocaverat,
576 1068 610 1126 ut
637 1061 746 1126 urbem
774 1060 832 1124 tali
854 1066 945 1145 poste
967 1059 1168 1126 exsolverent
1176 1057 1215 1144 4);
1244 1058 1353 1123 inven-

227 1169 332 1228 tutem
354 1162 597 1230 Atheniensium
620 1169 928 1229 commemoraverat
937 1163 971 1248 ⁶),
994 1169 1091 1245 atque
1113 1161 1220 1228 nescio
1243 1180 1286 1225 an
1309 1159 1351 1225 ab

231 1264 392 1330 indicibus
419 1266 562 1350 petierit,
592 1272 626 1331 ut
661 1287 748 1333 reum
788 1273 822 1331 ut
855 1265 1087 1348 nequissimum
1125 1262 1286 1329 hominem
1318 1264 1352 1327 in

232 1363 363 1454 ὄρυγμα
386 1369 608 1455 conicerentl).

317 1471 383 1537 Sed
405 1492 468 1536 non
491 1473 594 1537 solum
617 1493 637 1538 a
652 1474 800 1558 Lycurgo
816 1477 1001 1538 accusatum
1018 1490 1089 1537 csse
1105 1471 1351 1554 Aristogitonem

232 1573 384 1639 traditum
408 1582 474 1659 est,
506 1575 562 1640 sod
592 1576 689 1640 ctiam
713 1576 893 1660 Lycurgum
922 1595 943 1640 a
965 1574 1181 1640 Demosthene
1203 1593 1275 1640 esse
1296 1572 1351 1638 ad-

232 1678 333 1743 iutum
357 1676 418 1742 hac
440 1678 593 1757 oratione,
617 1699 700 1761 quaa
722 1679 805 1744 inter
820 1676 1086 1771 Demosthenioas
1109 1685 1238 1742 servata
1261 1674 1352 1760 cstss).

317 1781 512 1846 Damnatum
536 1800 608 1846 csse
630 1781 879 1865 Aristogitonem
904 1786 1039 1866 apparet
1070 1800 1111 1846 cx
1139 1776 1300 1844 Dinarcho
1309 1776 1351 1862 1);

232 1881 369 1947 traditus
392 1889 442 1948 cst
464 1882 698 1949 undecimviria

317 1985 424 2050 Causa
447 1984 544 2069 igitur
571 1986 636 2051 litis
666 1987 830 2071 explicata
860 1993 1061 2052 transcamus
1084 1986 1127 2050 ad
1149 2003 1215 2050 rem
1238 1983 1352 2068 ipsam,

232 2110 330 2172 qoam
346 2088 438 2154 nobis
453 2089 694 2174 proposuimus,
711 2089 749 2155 de
765 2110 831 2173 qua
847 2090 893 2155 ita
908 2088 1152 2174 disputabimus,
1168 2093 1201 2151 ut
1216 2086 1352 2172 primum

232 2212 434 2277 quaeramus
456 2213 531 2258 num
555 2193 657 2258 oratio
673 2191 905 2274 Aristogitonia
927 2192 1014 2277 prior·
1035 2187 1258 2256 Demosthcnis
1280 2207 1352 2253 csse

231 2295 347 2381 possit3
378 2295 495 2360 deinde
527 2316 600 2360 num
625 2293 808 2380 Hyperides
836 2295 886 2360 vel
909 2295 993 2360 alius
1015 2312 1056 2358 cx
1079 2291 1271 2375 aequalibus
1293 2291 1354 2356 De·

231 2397 407 2464 mosthcnis
437 2418 507 2463 eam
539 2403 571 2464 ct
600 2397 799 2463 conscribere
830 2403 862 2461 ct
891 2396 923 2461 in
956 2396 1024 2460 foro
1052 2394 1172 2460 habore
1201 2393 1353 2478 potuerit,

231 2501 317 2584 quod
340 2506 509 2584 utrumque
524 2501 552 2565 si
567 2520 687 2584 negare
702 2519 834 2565 neccsse
849 2499 917 2583 erit,
940 2498 1033 2564 tertio
1048 2497 1118 2564 loco
1141 2495 1352 2577 ostendemus,

232 2604 379 2688 quisnam
403 2604 445 2668 sit
468 2609 579 2670 auctor
602 2603 763 2668 orationis.

321 2899 346 2960 1)
364 2894 408 2948 Or.
428 2893 491 2948 adv
510 2893 559 2948 Ar
574 2898 620 2948 54:
640 2896 742 2947 δεινῶν
759 2888 816 2962 γὰρ
836 2886 929 2946 ὄντων
947 2889 997 2946 καί
1015 2885 1069 2947 οὐκ
1089 2883 1350 2962 ἐχόντωνίπερβο-

231 2976 319 3051 λὴν
301 3000 342 3034 ων
365 2971 511 3049 victorianae
537 2973 601 3045 οίρτι
624 2973 762 3048 λέγοντος
784 2973 1023 3048 Λυκούργου..
1038 2972 1142 3048 ,Πρὸς
1162 2973 1217 3044 μὲν
1203 2971 1292 3047 νγὰρ
1311 2995 1351 3048 τῳ

232 3062 283 3120 τὸν
301 3060 414 3136 πατέρα
433 3069 458 3120 εί
477 3083 517 3137 τῳ
536 3063 724 3138 δεσμωτηρίου
743 3057 868 3164 προδους
886 3059 1027 3118 ἀπελθεῖν
1040 3058 1072 3126 ἐξ
1083 3056 1234 3163 Ἐρετρίας,
1253 3053 1353 3132 ὥσπερ

232 3142 376 3220 ἠκούσατε
397 3149 533 3221 Φαίδρου,
552 3144 741 3206 αποθανοντα
761 3142 776 3203 ὃ
797 3142 904 3220 αοεβὴς
922 3137 1006 3212 οὗτος
1024 3145 1073 3202 καί
1090 3143 1194 3218 μιαρὸς
1212 3139 1266 3202 οὐκ
1283 3141 1352 3202 ἔθα·
1409 3165 1411 3168 ·

233 3253 352 3306 ψεα-
377 3232 450 3307 πρὸς
475 3233 504 3293 cl
529 3241 570 3309 τῷ
595 3240 644 3305 τῆς
670 3230 779 3306 μητρὸς
805 3230 843 3305 μὴ
872 3227 1057 3304 ἀπεσχῆσθαι
1085 3228 1124 3287 τὼ
1146 3240 1227 3305 χεῖρε
1251 3225 1351 3305 ὥσπερ

233 3316 339 3394 αρτίυς
356 3315 503 3392 ηκούσατε
522 3326 573 3376 τοῦ
591 3317 747 3392 μαρτύρων
766 3323 827 3375 κτλ.

317 3409 379 3474 2)Ι
393 3424 417 3462 c.
431 3413 476 3462 58:
496 3401 577 3475 ὑμεῖς
601 3399 816 3477 δ’ἠγανακτεῖτε
836 3399 954 3476 ἀρτίως,
980 3401 1007 3459 εἰ
1028 3409 1089 3458 τοῖν
1106 3400 1159 3459 τὸν
1177 3399 1284 3475 ἔρανον
1302 3423 1351 3475 φε-

232 3491 345 3565 ρόντων
364 3497 404 3558 είς
422 3489 472 3564 τὴν
491 3491 635 3564 σωτηρίαν
654 3486 733 3565 αίτῳ
751 3498 917 3563 κατηγορεῖ.

318 3585 345 3646 3)
363 3582 426 3635 adv.
444 3579 604 3648 Ar.11,1t:
627 3570 673 3633 ὅτι
695 3574 825 3649 μὲνγὰρ
844 3572 971 3648 πονηρὸς
989 3574 1038 3630 καί
1056 3571 1108 3630 τὸν
1125 3572 1235 3648 τρόπον
1253 3580 1352 3642 δεινως

232 3661 338 3732 αίικος,
358 3661 464 3729 ίκανως
482 3656 556 3733 ὑμῖν,
576 3656 615 3728 ίίς
628 3657 715 3734 ἔγωγ’
729 3655 817 3731 οἶμαι,
832 3657 865 3718 ἐκ
878 3667 936 3745 τοῖν
949 3658 1169 3732 προειρημένων
1182 3665 1352 3733 Λυκουργος

234 3747 410 3823 ἐπιδίδειχεν.
1186 3771 1189 3774 ·

318 3842 345 3903 4)
363 3838 426 3892 adv.
445 3837 493 3891 Ar.
505 3838 526 3902 1,
540 3841 585 3891 97:
611 3839 782 3906 Λυκοῦργος
804 3833 859 3902 μὲν
884 3827 935 3889 οὖν
961 3830 1010 3903 τὴν
1028 3826 1147 3902 Ἀθηνᾶν
1173 3828 1351 3904 ἐμαρτυρετο

205 3973 208 3984 ,
232 3920 281 3978 καί
299 3918 351 3993 τὴν
368 3917 480 3994 μητέρα
499 3927 557 3976 τῶν
577 3924 664 3988 θεῶν,
683 3919 732 3976 καὶ
751 3923 848 3985 καλῶς
868 3915 968 3976 ἐποίει.

320 4013 349 4078 5)
366 4010 500 4078 Harpocr.
520 4025 541 4064 s.
555 4025 580 4062 v.
600 4000 696 4076 ἡλικία
716 4013 744 4063 ct
762 4001 887 4078 ὄρυγμαι
907 4009 978 4061 on.
997 3998 1062 4060 κατ’
1074 4002 1125 4075 Ao.

320 4097 348 4161 6)
366 4094 483 4149 Photios
502 4094 567 4148 bibl.
582 4097 630 4148 nst
650 4110 677 4162 p.
690 4097 731 4161 49,
745 4099 786 4147 35.

319 4183 343 4250 ἵ)
362 4180 426 4234 Din.
445 4180 481 4249 11,
501 4184 544 4234 13:
574 4173 732 4248 ἐνδειχθεὶς
758 4171 813 4234 ὑπὸ
834 4174 1006 4249 Λυκούργου
1034 4175 1083 4232 καί
1111 4173 1297 4248 ἐξελεγχθείς
1320 4209 1351 4217 -

232 4264 281 4322 καί
299 4262 478 4336 παραδοθεὶς
496 4271 555 4330 τοῖς
574 4257 677 4322 ἕνδεκα
695 4258 771 4318 κατὰ
789 4258 856 4328 τοὺς
874 4259 988 4330 νόμους.
