3104 4758
267 225 307 292 20

267 400 354 464 vium
379 421 448 464 cum
473 397 584 486 ἐράνῳ
608 409 820 485 comparatur.
874 401 1095 467 Conscrcudae
1122 408 1194 466 sunt
1220 408 1388 486 practerea

269 503 366 592 Arist.
389 501 481 588 §aaz
505 500 566 568 τὸν
589 501 710 568 ἑαυτοῦ
731 505 807 585 βίον
905 517 1024 580 ποῖον;
1048 498 1088 568 ὃν
1115 505 1183 568 ποῦ
1209 505 1371 584 βεβίωκεν
1379 530 1390 581 ;

267 599 308 668 ὃν
330 605 391 688 μὲν
415 603 477 692 γὰρ
502 598 648 682 ἅπαντες
670 601 761 690 ὑμεῖς
783 603 962 692 ἑοράκατε,
986 597 1050 670 οὐκ
1079 603 1144 671 ἔστι
1168 609 1387 682 τοιοῦτος-

264 715 296 771 et
320 729 362 770 or.
386 707 426 771 de
449 709 520 774 sals.
543 710 602 791 leg.
626 713 735 785 §200:
766 721 868 774 ποῖον
897 695 960 773 οὖν
987 708 1071 791 ἐρεῖς
1093 710 1188 788 βίον;
1211 700 1251 773 ὃν
1273 699 1315 773 ον’
1338 713 1388 788 βε-

264 811 407 888 βίωκας·
429 809 498 875 ἐπεὶ
523 802 543 874 ὅ
567 835 602 896 γε
625 811 827 894 βεβιωμένος
849 827 902 875 σοι
925 814 1083 887 τοιοῦτος
1106 811 1269 891 φαίνεται.

352 931 447 995 Arist.
469 928 562 1015 §822
586 925 604 994 ὁ
628 930 663 994 δὲ
687 926 727 1014 δὴ
750 926 971 1016 παμπόνηρος
995 921 1181 1014 ἄνθρωπος
1209 926 1308 1006 ποῖός
1337 953 1389 1006 τις

266 1024 395 1097 καλοῖτ’
419 1025 461 1096 ἂν
485 1033 637 1111 δικαίως,
670 1027 992 1117 ὁτριοκατάρατος,
1024 1030 1042 1096 ὁ
1071 1027 1186 1108 κοινὸς
1207 1028 1343 1117 ἐχθρός,
1368 1025 1388 1097 ὁ

264 1137 347 1198 πᾶσι
381 1131 559 1218 δυσμενής,
599 1125 667 1219 ὅτῳ
694 1126 778 1218 μήτε
806 1137 846 1219 γῆ
874 1134 970 1217 φέροι
1000 1129 1132 1218 καρπὸν
1157 1125 1233 1220 μήτ’
1250 1125 1391 1198 αποθα-

264 1233 371 1301 νόντα
402 1237 552 1318 osgarum
582 1231 644 1320 οὐχ
668 1226 686 1299 ὃ
714 1239 886 1312 τοιοῦτος;
909 1243 1005 1301 —et
1028 1235 1151 1300 decor.
1175 1239 1283 1312 §119:
1307 1229 1326 1301 ὃ
1349 1238 1389 1301 δὲ

263 1331 486 1423 παμπόνηρος
516 1340 572 1403 καὶ
604 1346 697 1416 θεοῖς
728 1335 849 1424 ἐχθρὸς
879 1340 934 1402 καὶ
965 1333 1131 1416 βάσκανος
1158 1333 1266 1414 ὄντας
1287 1331 1389 1414 ποῖός

264 1467 314 1517 τις
337 1435 379 1506 ἂν
402 1442 450 1528 εἴη
473 1437 559 1526 πρὸς
580 1445 694 1524 ,sisoim
716 1436 778 1526 οὐχ
801 1435 819 1506 ὁ
842 1444 1015 1518 norontem

348 1559 435 1638 Quos
458 1561 544 1626 locos
566 1561 592 1625 si
617 1561 798 1626 accuratius
814 1561 1115 1644 comparaverimus,
1138 1555 1298 1626 auctorem
1315 1561 1388 1626 Ari-

264 1663 456 1745 stogitoniae
487 1664 643 1728 orationis
673 1664 757 1728 hune
792 1664 896 1728 locum
931 1664 1133 1747 desumptum
1165 1683 1204 1728 ex
1235 1670 1314 1729 orat.
1345 1665 1386 1728 tle

264 1787 324 1830 cor.
348 1766 408 1830 sibi
431 1765 622 1831 imitandum
645 1767 850 1850 proposuisse
879 1767 1063 1832 videbimus.
1115 1765 1278 1831 Vocabnla
1300 1789 1385 1848 παμ-

262 1865 427 1954 πόνηρος,
456 1874 550 1935 θεοῖς
581 1865 716 1953 ἐχθρός,
749 1865 915 1949 βάσκανος
946 1868 1126 1952 significant
1163 1868 1253 1933 aliud
1283 1868 1385 1932 uliam

264 1973 401 2056 speciem
425 1972 640 2056 improbitatis
656 1971 894 2054 Aristogitonis3
918 1971 1090 2054 quaeritur,
1112 1970 1218 2053 qualis
1234 1971 1274 2034 sit
1291 1971 1385 2035 homo

263 2071 501 2160 παμπόνηρος,
532 2080 626 2151 θεοῖς
656 2070 794 2159 ἐχθρός,
830 2069 1007 2152 βάσκαιος,·
1042 2074 1266 2158 respondetur:
1300 2073 1386 2156 talis,

264 2177 369 2260 qualis
389 2177 595 2260 Aristogiton.
639 2177 698 2240 lllo
721 2183 832 2241 contra
854 2177 924 2242 loco
948 2176 1118 2259 quaeritur,
1141 2177 1248 2259 qualis
1271 2177 1384 2242 merito

263 2279 443 2363 appelletur
475 2273 737 2366 ὃπαμπόνηρος
759 2275 1036 2364 τριςκατάρατος,
1066 2268 1084 2343 ὃ
1117 2275 1231 2354 κοινός
1254 2275 1385 2364 ἐχθρός,

264 2376 282 2447 ὁ
313 2385 396 2446 πᾶσι
428 2377 606 2466 δοσμενήςε
638 2401 770 2463 quorum
802 2383 1026 2448 vocabulorum
1060 2377 1326 2466 κοινὸςέχθρός
1352 2389 1385 2446 et

261 2488 344 2550 πᾶσι
368 2477 530 2569 δυσμενής
560 2485 643 2549 idem
675 2484 865 2568 significant.
910 2485 992 2549 Illud
1021 2487 1106 2567 quod
1130 2484 1258 2549 additur
1280 2476 1383 2568 οὐχὸ

262 2590 437 2664 sorensem
467 2589 595 2652 omuino
634 2589 778 2672 ineptum
816 2596 847 2652 ct
883 2607 1156 2673 supervacaneum
1186 2595 1249 2670 est3
1280 2607 1385 2669 neque

262 2690 345 2754 enim
372 2689 520 2771 cuiquam
543 2689 597 2753 illo
624 2690 718 2754 modo
742 2689 909 2776 quaerenti
932 2690 977 2754 sic
999 2690 1186 2775 responderi
1209 2696 1321 2774 potest.

347 2792 510 2858 Permulta
532 2792 599 2856 alia
622 2792 729 2857 afferri
753 2799 888 2876 possunt
899 2791 931 2877 ¹).

350 2911 453 2975 Huius
476 2918 585 2977 tantae
609 2911 829 2976 similitudinis
851 2911 1073 2976 nonnullorum
1098 2911 1238 2976 locorum
1261 2917 1317 2976 aut
1343 2929 1383 2975 ea

263 3021 311 3078 cst
333 3033 442 3096 cansa,
465 3014 550 3096 quod
574 3013 805 3078 Demosthenes
829 3014 922 3079 huius
945 3032 1071 3096 quoqne
1095 3013 1248 3078 orationis
1274 3020 1384 3078 auctor

263 3123 326 3196 est,
357 3116 389 3180 id
420 3117 504 3199 quod
536 3117 641 3180 minus
672 3116 843 3181 verisimile
865 3136 937 3182 esse
960 3116 1116 3196 vidimus,
1145 3124 1203 3181 aut
1224 3117 1326 3199 quod,
1355 3116 1383 3180 si

264 3219 336 3299 quis
359 3218 443 3282 alius
466 3239 537 3283 earn
561 3219 762 3301 conscripsit,
789 3218 817 3282 is
839 3203 1086 3283 Demosthenem
1110 3219 1170 3282 sihi
1194 3219 1383 3284 imitandum

264 3320 444 3404 proposuit:
474 3321 559 3402 quod
591 3341 662 3385 cum
692 3341 749 3404 per·
779 3340 814 3386 se
845 3321 950 3405 ipsum
982 3320 1091 3395 multis
1113 3320 1192 3386 lueis
1213 3320 1384 3387 diiudicari

262 3445 325 3488 non
349 3425 466 3508 possit,
489 3424 547 3489 hoc
570 3431 791 3506 argumentum
816 3442 873 3507 per
895 3443 929 3488 se
951 3423 1078 3507 quidem
1103 3444 1166 3487 non
1189 3426 1297 3507 magni
1319 3445 1384 3488 mo·

262 3527 362 3592 menti
385 3547 456 3593 esse
479 3527 583 3595 videri
605 3530 725 3611 potest,
747 3526 803 3590 sed
828 3546 898 3590 cunr
922 3527 1065 3610 reliquis,
1088 3547 1171 3609 qnae
1194 3548 1291 3612 supra
1314 3547 1384 3610 pru-

261 3630 410 3712 tulimns,
440 3629 640 3694 coniunctum
671 3635 738 3692 tarn
765 3648 865 3710 grave
893 3635 955 3714 cst,
985 3635 1103 3694 utnon
1127 3629 1384 3714 Demosthenem,

262 3731 318 3796 sed
343 3732 569 3797 Demosthenis
599 3732 790 3796 imitatorem
823 3731 962 3812 aliquem
994 3731 1077 3795 hanc
1107 3731 1281 3797 orationem
1311 3751 1384 3796 con·

264 3833 431 3919 scripsisse
454 3833 632 3917 putandum
656 3834 705 3899 sit.

347 3934 439 4013 Quod
469 3936 568 4001 etiam
600 3936 632 3999 in
665 3935 894 4001 sententiarum
923 3935 964 3999 nd
992 3955 1158 4000 numerum
1182 3937 1383 4001 conclusione

261 4110 464 4118 ———.—.

349 4212 375 4272 1)
394 4206 429 4262 cf.
449 4207 535 4262 Dohr.
554 4208 570 4261 l.
584 4224 606 4261 c.
