3104 4758
1266 224 1306 286 37

186 401 295 462 eutem
318 397 382 462 sint
404 396 481 470 illuc
504 403 613 481 partes
636 403 667 462 et
689 395 847 476 quomode
870 396 903 460 in
927 395 1011 460 bane
1037 393 1214 459 orationem
1237 413 1307 478 per-

186 499 343 583 venerint,
372 499 407 565 iu
437 506 523 564 certo
553 498 677 565 definiri
699 499 828 564 omnino
851 519 914 564 non
938 503 1048 583 potest.
1093 497 1243 579 Constat,
1273 500 1308 560 ut
1416 527 1419 532 ·

186 621 285 687 supra
293 602 316 687 ¹)
353 601 509 685 diximus,
541 601 790 668 Demosthenem
828 602 891 667 iam
930 608 1027 666 entea
1058 599 1307 683 Aristogitonem

185 700 394 792 παρανόμων
415 724 599 783 eceusesse;
627 711 725 788 etque
754 706 862 771 neseio
889 725 930 770 an
954 703 1017 769 iem
1042 710 1108 768 tum
1132 701 1307 768 decreverit

186 808 444 892 Aristogitonem,
466 807 697 890 nequissimum
719 815 751 873 et
764 806 1068 892 perniciosissimum
1086 805 1197 884 civem,
1219 824 1308 870 ecee·

186 912 277 977 sione
307 910 417 976 oblate
446 910 561 976 iterum
594 929 758 989 accusare3
789 910 874 993 quod
905 910 933 974 si
960 911 1008 975 ite
1030 915 1094 993 est,
1116 908 1212 975 facile
1239 905 1306 973 heri

186 1018 327 1098 peteret,
350 1019 384 1078 ut
407 1012 551 1096 singulus
580 1013 739 1096 quasdam
761 1020 869 1098 partes
891 1012 1057 1096 scriberet,
1080 1031 1161 1095 quas
1182 1012 1215 1077 in
1237 1030 1307 1076 ore·

185 1117 303 1181 tionem
334 1119 448 1200 postca
477 1114 852 1193 habendnminsereret:
883 1117 915 1180 in
946 1113 1020 1179 aliis
1042 1133 1170 1197 quoque
1191 1114 1307 1178 oratio-

184 1217 280 1283 nibus
301 1216 335 1282 id
357 1218 478 1282 factum
502 1236 574 1282 esse
604 1225 759 1303 apparet,
791 1224 826 1283 ut
847 1216 930 1299 dixi,
957 1235 997 1296 ex
1020 1216 1166 1281 oratione
1187 1214 1306 1301 Philip-

186 1319 262 1404 piec
278 1319 339 1403 lv,
369 1319 460 1388 cuius
482 1319 607 1403 aliquot
634 1321 713 1394 locis
743 1321 874 1388 easdem
898 1320 1074 1406 sententias
1096 1318 1218 1386 eisdem
1240 1317 1307 1384 fere

185 1421 291 1489 verbis
313 1441 485 1507 expressas
507 1423 705 1506 invenimus,
735 1444 817 1508 quas
844 1425 877 1490 in
909 1423 1054 1492 oratione
1076 1422 1152 1508 περὶ
1175 1425 1246 1488 τῶν
1269 1421 1307 1486 ἐν

187 1520 411 1614 &hiberiam
434 1546 515 1609 quas
530 1527 676 1593 Blessius
698 1547 738 1592 cx
761 1527 822 1594 hac
844 1529 988 1597 cretione
1011 1527 1053 1591 eh
1077 1531 1206 1591 auctore
1221 1524 1307 1590 illius

185 1628 373 1716 desumptas
397 1648 469 1695 esse
491 1630 604 1695 merito
627 1631 856 1717 suspicatur-²),
884 1631 969 1696 idem
996 1629 1167 1697 dicendum
1194 1634 1243 1694 est
1265 1628 1306 1693 de

185 1731 331 1798 oratione
352 1732 431 1817 περὶ
453 1727 641 1814 συντάξεως
664 1733 807 1820 (xime)
852 1732 945 1811 Quod
961 1734 988 1798 si
1004 1733 1050 1798 ite
1065 1738 1122 1815 est,
1147 1730 1193 1796 sic
1209 1731 1307 1796 statui

187 1839 308 1920 potest:
332 1835 453 1900 auctori
469 1835 623 1900 orationis
637 1837 887 1921 Aristogitoniae
902 1838 967 1902 iem
984 1857 1047 1902 nou
1064 1840 1192 1921 praesto
1206 1834 1307 1899 fuisse

186 1935 410 2002 Demostheni·
433 1938 625 2020 orationem,
648 1959 732 2021 quoe
755 1939 910 2024 perierat,
933 1938 1086 2004 sedilias
1109 1945 1219 2022 partes
1241 1936 1306 2003 iem

185 2027 260 2104 ante
283 2059 303 2104 a
325 2039 541 2106 Demosthene
563 2041 762 2127 elaboratas,
794 2062 875 2126 ques
905 2042 1013 2124 aliquo
1044 2040 1139 2106 modo
1170 2059 1306 2106 commu·
1390 2030 1392 2036 ’

186 2148 275 2210 tates
296 2142 329 2206 in
353 2143 531 2211 orationem
554 2143 724 2210 inseruerit
738 2150 857 2210 unctor.
901 2145 973 2227 Sed,
996 2151 1031 2208 ut
1046 2144 1112 2209 iam
1128 2142 1205 2226 dini,
1226 2140 1306 2206 nihii

185 2244 263 2312 certi
285 2244 327 2312 de
349 2245 411 2310 hcc
441 2265 474 2310 re
504 2246 585 2312 scire
615 2268 794 2334 possumus.
842 2247 934 2330 Quod
959 2246 1051 2312 huius
1074 2245 1229 2312 orationis
1251 2243 1306 2307 he-

185 2346 271 2413 bitus
302 2355 334 2413 et
363 2347 449 2413 color
477 2349 574 2415 iidem
609 2350 676 2416 fere
709 2335 798 2434 sunt,
832 2350 886 2436 qui
916 2349 1096 2416 orationum
1125 2347 1306 2430 sorensium,

185 2449 273 2534 quod
295 2455 387 2517 tenta
410 2451 578 2536 diligentia
601 2459 708 2517 orator
731 2453 828 2518 utitur
849 2452 883 2518 in
905 2451 1040 2519 testibus
1061 2457 1093 2517 et
1108 2449 1307 2516 documentis

184 2547 368 2636 afferendis,
390 2554 422 2620 id
445 2574 483 2620 eo
507 2555 612 2622 minus
634 2555 829 2640 mirabimur,
851 2573 914 2641 qno
936 2554 1068 2644 propius
1087 2551 1261 2621 orationem
1285 2570 1307 2616 c

188 2655 413 2724 Demosthenis
428 2662 537 2722 aetate
552 2657 666 2724 abesse
681 2658 949 2736 existimabimus3
971 2657 1028 2723 sed
1045 2676 1085 2721 ne
1099 2655 1162 2721 hac
1178 2653 1305 2736 quidem

183 2757 226 2824 de
248 2778 282 2822 re
307 2758 478 2842 quicquam
502 2761 580 2827 certi
602 2760 665 2824 dici
687 2767 808 2846 potcst;
830 2760 873 2824 ed
891 2758 1102 2826 imitationem
1119 2762 1227 2822 eutem
1244 2755 1306 2821 fori

184 2861 273 2946 apud
295 2861 438 2928 Graecos
467 2863 532 2928 iem
557 2864 710 2929 Demetrii
732 2862 880 2930 Phuierei
902 2868 1010 2928 aetate
1039 2860 1192 2926 materias
1214 2859 1307 2924 fictas

184 2981 257 3028 esse
279 2961 496 3042 Quintilianus
511 2967 551 3032 ΙΙ.
567 2971 596 3032 4.
612 2971 661 3033 41.
683 2974 794 3034 auctor
816 2971 876 3048 est3
909 2965 1014 3050 ipsum
1035 2964 1099 3030 iam
1115 2955 1306 3030 Aeschinem

184 3067 218 3131 id
241 3053 357 3132 secisse
380 3068 436 3134 alii
459 3069 590 3134 tradunt
613 3069 690 3154 (vid.
712 3069 947 3136 Westermenu.
970 3067 1161 3134 Geschichte
1182 3067 1239 3132 der
1259 3087 1305 3152 gr.

184 3168 395 3264 Beredeumh.¹
414 3170 433 3258 ξ
448 3173 489 3236 64
512 3180 620 3236 annot.
636 3171 678 3258 4).

272 3342 298 3406 1)
315 3335 373 3394 vid.
390 3336 443 3410 ξθ.
473 3343 476 3364 ¹

270 3429 298 3489 2)
314 3421 378 3481 Att.
396 3424 578 3482 Beredeemk.
595 3425 673 3483 lIlA
691 3443 718 3496 p.
732 3431 790 3481 344.

270 3515 299 3578 3)
316 3511 334 3566 l.
348 3527 372 3566 c.
390 3527 418 3580 p.
430 3515 488 3566 354.
