3104 4758
1308 262 1325 322 7

202 430 353 509 gumeuto
384 424 582 490 orationibus
610 425 847 508 Aristogitoniis
876 426 1055 510 praemisso
1085 433 1117 490 et
1146 426 1326 492 Dinarchus

201 529 345 594 oratioue
367 519 440 592 κατ’
454 518 734 614 Ἀριστογείτονος
757 529 837 592 satis
860 528 961 594 multa
983 527 1192 593 tradiderunt.

286 630 366 695 (lum
389 629 571 710 Hierocles,
595 627 800 695 Phanostrati
822 629 922 711 filius,
945 630 1031 712 quod
1054 650 1179 695 sacram
1202 638 1323 698 vestem

199 732 372 812 induisset,
394 751 415 796 a
437 730 628 818 prytanibus
651 731 736 815 apud
761 733 913 818 populum
938 739 1107 798 accusatus
1130 739 1234 817 esset,
1257 736 1325 798 Ari·

201 834 339 917 stogitou
362 832 583 915 Atheniensis,
606 832 698 898 homo
722 833 927 918 improbitate
950 834 1101 918 insignis,
1125 835 1324 920 rogationem

199 936 281 1021 tulit,
303 941 337 1000 ut
352 935 525 1016 Hieroclen,
548 936 575 1000 si
599 935 802 1002 confiteretur
826 956 860 1001 se
883 943 1004 1003 vestem
1028 937 1115 1003 illam
1141 958 1180 1003 ex
1203 939 1323 1023 templo

199 1037 406 1124 surripuisse,
441 1038 548 1102 statim
583 1031 684 1102 morte
720 1041 925 1122 multaretur,
965 1040 993 1105 si
1030 1039 1150 1105 infitias
1184 1041 1257 1122 iret,
1290 1047 1324 1106 ut

200 1139 344 1224 quaestio
367 1139 407 1206 de
430 1159 468 1204 eo
490 1139 669 1206 baberetur.
713 1139 777 1206 Sed
794 1140 1028 1206 Phanostratus
1043 1148 1075 1208 et
1091 1142 1324 1209 Demosthenes

199 1243 447 1326 Aristogitonem
460 1235 668 1330 παρανόμων
681 1251 911 1309 accusaverunt
927 1250 959 1310 et
971 1245 1152 1311 Hieroclem
1166 1246 1323 1313 insontem

198 1365 270 1412 esse
285 1352 351 1410 tam
373 1347 545 1411 manifesto
568 1345 783 1431 ostenderunt,
805 1354 839 1412 ut
862 1347 917 1412 ille
932 1348 1073 1431 quinque
1089 1348 1220 1413 talentis
1235 1348 1322 1414 dam-

198 1454 337 1514 noratur.

285 1551 388 1616 Paulo
419 1556 492 1634 post
522 1550 718 1634 Aristogiton
747 1551 929 1634 Hegemoui
959 1552 1049 1617 litem
1081 1553 1235 1638 intendit,
1265 1556 1322 1619 sed

198 1655 334 1738 pecunia
357 1661 523 1738 corruptus
546 1653 685 1735 destitit,
708 1653 930 1738 quamobrem,
957 1662 992 1719 ut
1014 1656 1064 1720 lex
1088 1662 1156 1720 erat
1179 1655 1322 1739 Athenis,

198 1755 286 1820 mille
308 1754 469 1822 drachmis
493 1756 647 1822 multatus
669 1765 726 1823 est.
776 1757 855 1823 Cum
879 1765 986 1824 autem
1011 1777 1115 1840 neque
1138 1758 1196 1823 illa
1218 1777 1322 1842 neque

199 1863 260 1924 lrao
282 1859 383 1924 multa
406 1878 508 1941 nsque
530 1859 572 1922 ad
595 1860 801 1926 constitutam
818 1860 903 1926 diem
920 1860 1025 1926 soluta
1041 1861 1176 1925 infamia
1191 1867 1321 1926 notatus

197 1961 286 2046 dupli
309 1961 540 2028 condemnatus
569 1968 670 2046 esset,
701 1963 791 2028 fratri
821 1963 955 2029 fundum
986 1963 1130 2029 vendidit
1152 1983 1192 2029 ea
1215 1963 1320 2029 condi·

197 2063 304 2147 cione,
332 2072 367 2129 ut
395 2065 423 2128 is
451 2063 584 2148 singulis
614 2065 822 2151 pensionibus
857 2085 914 2152 per
946 2066 1055 2133 decem
1086 2086 1188 2131 anuos
1218 2072 1319 2132 totam

196 2167 329 2232 multam
353 2167 498 2234 solveret.
543 2168 590 2234 Ac
613 2168 675 2234 duo
693 2169 817 2234 talenta
831 2175 863 2236 et
879 2169 1134 2252 quadringentas
1150 2168 1321 2234 drachmas

196 2270 296 2336 frater
324 2270 390 2336 ianr
421 2270 575 2354 solverat,
604 2271 729 2354 reliqua
759 2291 884 2336 summa
913 2271 946 2338 in
977 2271 1097 2337 tabulis
1118 2273 1243 2352 ,aerarii
1267 2294 1319 2338 no-

196 2377 265 2438 tata
287 2379 366 2439 erat.

282 2475 412 2541 Interim
438 2496 508 2541 curn
532 2475 746 2562 Aristogiton,
778 2477 863 2560 quod
884 2477 985 2543 frater
1007 2478 1124 2543 multas
1147 2477 1320 2543 solvendas

196 2577 405 2662 suscepisset,
434 2577 568 2644 liberum
600 2598 635 2644 se
664 2598 735 2645 esse
767 2585 858 2644 ratus
891 2586 925 2644 ut
955 2579 1035 2644 ciris
1062 2580 1186 2664 integer
1216 2579 1319 2645 denuo

195 2679 428 2765 sycophantam
452 2700 549 2764 agere
572 2682 745 2766 coepisset,
775 2683 942 2766 Lycurgus
971 2702 1043 2748 eum
1066 2681 1204 2765 ἐνδείξει
1232 2702 1319 2748 reum

195 2783 279 2866 lecit,
301 2784 386 2866 quod
409 2783 441 2848 in
468 2783 537 2848 loro
562 2784 660 2850 verba
682 2784 811 2869 faceret,
833 2804 1031 2869 quamquam
1055 2784 1180 2850 debitor·
1202 2785 1319 2851 aerarii

194 2892 288 2952 esset
341 2886 513 2952 Praeterea
544 2887 671 2953 tertium
703 2887 930 2971 Aristogitonis
961 2888 1105 2955 debitum
1135 2887 1167 2952 iu
1200 2887 1320 2953 tabulis

194 2988 312 3054 aerarii
335 2995 482 3054 notatum
505 2996 584 3074 orat,
607 2989 692 3072 quod
717 2990 799 3055 falso
822 2991 863 3056 ab
879 2992 1029 3056 Aristone
1044 2991 1231 3074 inscriptum
1248 3009 1320 3056 esse

194 3110 268 3156 reus
290 3092 503 3158 contendebat
526 3111 628 3175 eoque
650 3093 777 3158 nomine
800 3112 835 3158 se
850 3092 897 3157 illi
918 3084 1051 3179 γραφὴν
1066 3094 1319 3178 ψευδεγγραφῆς

194 3193 378 3260 intendisse.

281 3298 427 3381 Lycurgo
451 3297 548 3380 igitur
570 3297 751 3364 accusatori
773 3298 807 3363 id
829 3298 985 3383 imprimis
1001 3304 1071 3365 erat
1093 3298 1263 3382 agendum,
1285 3305 1319 3364 ut

194 3418 390 3482 quamquam
420 3399 617 3483 Aristogiton
646 3400 780 3466 fundum
812 3400 1009 3467 vendidisset
1040 3400 1203 3484 fraternus
1237 3401 1318 3468 duas

194 3503 261 3568 iarn
284 3502 456 3586 pensiones
479 3503 642 3588 solvisset,
671 3510 778 3570 tamen
801 3504 892 3569 illum
914 3503 1089 3570 debitorem
1112 3504 1230 3570 aerarii
1253 3524 1318 3570 ma·

195 3623 272 3671 uere
298 3604 495 3687 ostenderet;
519 3612 686 3688 praeterea
709 3606 931 3672 demonstrare
953 3625 1084 3672 necesse
1106 3613 1176 3672 erat
1198 3597 1317 3672 Aristo·

192 3706 293 3790 giloni
326 3717 360 3772 nt
389 3707 457 3772 iure
487 3707 625 3774 fortasse
652 3707 804 3794 inscripto
827 3709 1058 3793 praestandam
1082 3728 1153 3776 esse
1175 3711 1317 3789 multam,

193 3810 268 3876 dum
293 3810 333 3876 de
356 3809 484 3894 reipsa
507 3809 659 3876 iudicium
683 3811 803 3877 factum
827 3817 921 3878 esset.

277 3911 481 3996 Quamquam
497 3913 600 3980 oratio
616 3907 770 4000 Lyeurgii'
781 3914 884 4000 periit,
906 3921 1015 3981 tamen
1037 3933 1122 3998 quae
1137 3914 1181 3980 ibi
1197 3915 1317 3999 scripta

194 4015 324 4097 inerint,
346 4015 458 4100 aliqua
479 4037 520 4083 ex
543 4022 641 4102 parte
665 4037 779 4084 eruere
801 4038 971 4102 possumus
993 4037 1033 4084 ex
1056 4023 1244 4101 argumento
1266 4017 1317 4084 Li·

194 4117 291 4204 bauii,
312 4137 406 4202 quem
430 4138 516 4202 quae
538 4119 653 4186 afferat
676 4140 715 4186 ex
732 4119 877 4186 oratioue
892 4121 965 4205 ipsa
981 4118 1128 4185 hausisse
1143 4118 1315 4185 admodum

192 4219 357 4305 probabile
379 4225 437 4304 est,
458 4220 576 4288 deinde
599 4241 639 4289 ex
655 4221 808 4288 Dinarchi
832 4222 977 4289 oratione
997 4221 1240 4308 Aristogitonia,
1261 4222 1316 4308 qui
