3104 4758
1254 257 1292 316 17

168 422 233 485 iam
257 439 355 504 supra
378 419 512 483 allatum
537 426 598 484 est:
622 421 716 500 §132
739 441 801 483 non
825 440 897 486 mea
913 427 1035 504 sponte,
1057 422 1160 504 inquit
1175 430 1293 502 orator,

170 522 227 588 sed
251 523 370 587 inritus
393 529 425 586 et
449 531 577 587 coactus
599 522 631 586 in
656 523 873 605 Aristogitone
904 524 1085 588 accusando
1109 526 1289 609 Lycurgum

170 624 304 705 adiuvo,
336 624 421 705 quod
454 623 539 687 hand
571 625 678 689 nescio
707 625 760 706 qui
785 636 931 707 accuset,
963 647 1033 690 eum
1063 626 1126 690 alio
1151 635 1293 711 tempore

171 729 275 810 ipsum
301 727 463 790 accusari:
487 727 543 791 sed
566 726 685 810 populo
707 747 837 792 necesse
860 737 908 792 est
930 749 1054 812 parere.

258 829 417 892 Drauuius
431 828 452 910 ¹)
477 827 723 893 Demosthenem
747 849 910 912 nunquam
934 837 1023 894 tanto
1051 832 1149 895 animi
1178 832 1293 895 ardore

170 937 327 1013 tantaque
350 931 524 996 accusandi
548 931 678 995 libidine
701 931 733 995 iu
757 952 828 996 reos
849 932 1044 998 inflammari
1067 941 1231 1016 memorat,
1253 954 1293 998 ne

170 1033 203 1096 in
233 1032 425 1097 Aeschinem
457 1031 600 1113 quidem,
632 1034 862 1115 nequissimum
896 1034 1013 1114 civem,
1049 1041 1170 1116 quanta
1200 1035 1293 1101 huius

171 1135 325 1198 orationis
348 1142 518 1200 auctorem.
562 1137 668 1217 Atque
683 1134 819 1200 Weilius
842 1137 873 1201 id
897 1157 959 1202 non
984 1139 1111 1216 oratori,
1135 1138 1192 1202 sed
1216 1144 1292 1202 tem·

170 1237 301 1320 poribus
332 1243 363 1302 et
394 1236 589 1320 improbitati
613 1237 659 1301 rei
682 1238 886 1302 tribuendum
911 1259 982 1304 esse
1006 1241 1147 1323 putat:²)
1175 1239 1291 1305 iudea

172 1345 281 1422 pugna
297 1339 338 1402 ad
355 1338 576 1403 Chaeroneam
593 1340 763 1404 commissa
783 1341 941 1422 usquead
958 1348 1090 1406 mortem
1108 1342 1293 1426 Alexandri,

171 1461 235 1524 qua
268 1449 374 1506 aetate
405 1443 572 1525 Lycurgus
604 1443 829 1525 Aristogitonis
859 1463 973 1508 nomen
1005 1444 1171 1529 detulitss),
1199 1445 1293 1510 Athe-

169 1544 298 1608 nienses
321 1563 401 1626 pace
425 1564 499 1607 usos
515 1563 600 1626 erse3
624 1565 712 1625 qnos,
734 1545 795 1609 nisi
813 1545 854 1608 ab
870 1547 1011 1611 externis
1026 1546 1168 1610 hostibus
1184 1547 1293 1610 urbem

171 1646 346 1710 defendere
370 1646 471 1710 coacti
494 1653 616 1728 essent,
652 1648 775 1712 acriore
798 1647 960 1713 discordia
983 1650 1136 1712 intestina
1157 1656 1293 1714 vexatos

169 1769 253 1814 esse:
291 1749 524 1814 multitudinem
561 1769 730 1814 causarum
764 1750 961 1834 publicarum
1001 1753 1033 1815 in
1063 1752 1133 1816 dies
1163 1760 1290 1816 auctam

170 1871 255 1933 esse,
286 1851 460 1916 factionum
483 1852 643 1916 insaniam
667 1872 706 1915 ac
733 1851 870 1917 furorem
901 1853 1052 1935 crevisse,
1082 1874 1144 1936 quo
1174 1855 1291 1918 factum

170 1973 254 2038 esse,
283 1961 317 2017 ut
339 1954 435 2018 etiam
460 1955 683 2018 accusationes
706 1953 962 2020 vehementiores
984 1954 1095 2020 fierent
1117 1964 1213 2038 atque
1236 1957 1292 2021 im-

171 2056 379 2139 portuniores.
433 2055 680 2140 comparantem
720 2056 880 2122 orationes
911 2057 1104 2136 llidianam,
1138 2059 1179 2124 de
1209 2059 1293 2124 salsa

169 2158 339 2239 legatione,
363 2158 404 2223 de
426 2178 544 2222 corona
562 2159 700 2240 effugere
715 2178 778 2222 non
794 2179 898 2242 posse,
914 2179 1009 2241 quam
1028 2160 1172 2225 celeriter
1192 2161 1292 2225 animi

170 2261 323 2326 violentia
360 2260 503 2326 ereverit.
564 2260 738 2327 Praeterea
776 2269 920 2326 oratores
958 2263 1114 2344 quosdam
1153 2264 1292 2329 illustres

170 2363 280 2429 eximii
310 2364 447 2446 ingenii,
480 2364 657 2428 Demadem
686 2364 781 2445 alios,
816 2364 932 2429 civium
968 2367 1093 2429 animos
1127 2367 1292 2431 vocabulis

169 2467 314 2531 novitate
356 2474 454 2549 atque
497 2466 637 2530 audacia
677 2467 920 2550 splendentibus
964 2487 1081 2552 capere
1124 2468 1292 2535 studuisse.

171 2568 307 2634 Auribus
339 2575 437 2650 atquc
469 2568 585 2633 iudicio
614 2569 723 2652 populi
746 2569 866 2634 talibus
888 2570 1086 2635 orationihus
1109 2573 1228 2637 assueti
1252 2592 1293 2637 ne

173 2669 418 2736 Demosthenem
442 2670 571 2751 quidem
595 2691 656 2734 non
681 2671 823 2755 potuisse
845 2672 1084 2756 obtemperare,
1116 2674 1142 2738 si
1166 2673 1291 2755 aliquid

169 2774 277 2839 valere
301 2774 461 2839 voluisset.
507 2771 620 2854 Neque
642 2773 824 2838 mirandum
848 2793 926 2854 esse,
950 2775 1035 2856 quod
1059 2776 1292 2841 Demosthenes

170 2877 267 2941 multo
291 2875 510 2941 vehementius
533 2874 703 2941 invehatur
728 2877 760 2940 iu
783 2875 1040 2959 Aristogitonem,
1063 2879 1291 2959 nequissimum

168 2979 418 3063 sycophantam,
449 2977 503 3060 qui
532 2978 620 3042 nullo
645 2979 776 3043 honesto
800 2980 928 3060 negotio
952 2988 1124 3063 occupatus
1147 2982 1203 3064 sit,
1236 2982 1293 3046 sed

169 3082 258 3145 eires
280 3081 478 3163 criminetur,
505 3081 552 3145 eis
575 3080 648 3145 lites
670 3080 831 3161 intendat,
863 3082 894 3144 ri
918 3089 949 3146 et
972 3090 1090 3146 terrore
1113 3084 1155 3147 ab
1178 3083 1217 3147 iis
1241 3103 1292 3167 pe-

169 3182 298 3246 cuniam
314 3184 481 3266 exprimet,
505 3203 600 3265 quam
618 3185 651 3248 in
667 3182 866 3266 Aeschinem,
890 3185 1035 3249 venalem
1057 3186 1145 3248 illum
1163 3186 1291 3266 quidem

170 3285 342 3368 homiuem,
363 3285 419 3351 sed
443 3293 600 3351 oratorem
624 3286 778 3351 illustrem
790 3289 826 3371 ⁴).

258 3542 284 3606 l)
301 3556 328 3608 p.
341 3545 363 3594 4.

256 3627 441 3694 mem.

255 3713 284 3776 3)
300 3711 430 3765 Habitum
453 3726 515 3766 esse
539 3713 689 3765 orationem
714 3728 769 3766 non
788 3712 875 3764 multo
899 3717 1093 3766 antecessum
1113 3713 1287 3782 Harpalicam

169 3787 1292 3866 mmmmmMQmmfflmmmmmwfflk

167 3872 1291 3956 hmmwmfflmfflwmfflwmmsswa

167 3966 1287 4037 emfflmmmmmfflssffldhmemMffimmmmmmssm

168 4051 309 4108 01.ch1.
334 4053 370 4106 cl'.
389 4053 485 4108 (lohet.
505 4054 521 4108 l.
535 4070 558 4108 c.
578 4072 604 4122 p.
618 4059 676 4108 375.
713 4055 796 4108 Weil.
820 4071 848 4122 p.
861 4059 901 4106 21.
940 4054 1142 4108 Wcstermann.
1166 4055 1289 4118 Quaestt.

167 4136 362 4205 fflmpm.

252 4226 454 4294 Dlepm
