<?xml version="1.0" encoding="UTF-8"?>
<!DOCTYPE html PUBLIC "-//W3C//DTD XHTML 1.0 Transitional//EN"
    "http://www.w3.org/TR/xhtml1/DTD/xhtml1-transitional.dtd">
<html xmlns="http://www.w3.org/1999/xhtml" xml:lang="en" lang="en">
 <head>
  <title>
</title>
<meta http-equiv="Content-Type" content="text/html;charset=utf-8" />
  <meta name='ocr-system' content='tesseract 3.04.00' />
  <meta name='ocr-capabilities' content='ocr_page ocr_carea ocr_par ocr_line ocrx_word'/>
</head>
<body>
  <div class='ocr_page' id='page_1' title='image "./descriptoreprio00stiegoog_0038.png"; bbox 0 0 3104 4758; ppageno 0'>
   <div class='ocr_carea' id='block_1_1' title="bbox 1261 251 1318 341">
    <p class='ocr_par' dir='ltr' id='par_1_1' title="bbox 1261 251 1318 341">
     <span class='ocr_line' id='line_1_1' title="bbox 1261 251 1318 341; baseline -0.035 -25"><span class='ocrx_word' id='word_1_1' title='bbox 1261 251 1318 341; x_wconf 81' lang='lat' dir='ltr'><strong>ss</strong></span> 
     </span>
    </p>
   </div>
   <div class='ocr_carea' id='block_1_2' title="bbox 177 422 1307 3280">
    <p class='ocr_par' dir='ltr' id='par_1_2' title="bbox 177 422 1303 713">
     <span class='ocr_line' id='line_1_2' title="bbox 177 422 1300 508; baseline 0.001 -19"><span class='ocrx_word' id='word_1_2' title='bbox 177 423 345 508; x_wconf 85' lang='lat' dir='ltr'><strong>destiterit,</strong></span> <span class='ocrx_word' id='word_1_3' title='bbox 368 423 425 505; x_wconf 84' lang='lat' dir='ltr'><strong>qni</strong></span> <span class='ocrx_word' id='word_1_4' title='bbox 443 439 501 488; x_wconf 88' lang='lat' dir='ltr'><strong>eos</strong></span> <span class='ocrx_word' id='word_1_5' title='bbox 523 438 650 508; x_wconf 87' lang='lat' dir='ltr'><strong>semper</strong></span> <span class='ocrx_word' id='word_1_6' title='bbox 672 422 839 506; x_wconf 79' lang='lat' dir='ltr'><strong>adiuverit,</strong></span> <span class='ocrx_word' id='word_1_7' title='bbox 861 422 915 505; x_wconf 84' lang='lat' dir='ltr'><strong>qni</strong></span> <span class='ocrx_word' id='word_1_8' title='bbox 938 423 1113 488; x_wconf 76' lang='lat' dir='ltr'><strong>maximam</strong></span> <span class='ocrx_word' id='word_1_9' title='bbox 1132 422 1300 506; x_wconf 72' lang='lat' dir='ltr'><strong>pecuniam</strong></span> 
     </span>
     <span class='ocr_line' id='line_1_3' title="bbox 178 521 1303 610; baseline 0 -19"><span class='ocrx_word' id='word_1_10' title='bbox 178 521 361 605; x_wconf 81' lang='lat' dir='ltr'><strong>ohtnlerint,</strong></span> <span class='ocrx_word' id='word_1_11' title='bbox 397 527 497 594; x_wconf 83' lang='lat' dir='ltr'><strong>telem</strong></span> <span class='ocrx_word' id='word_1_12' title='bbox 527 526 686 592; x_wconf 90' lang='lat' dir='ltr'><strong>hominem</strong></span> <span class='ocrx_word' id='word_1_13' title='bbox 717 542 820 607; x_wconf 89' lang='lat' dir='ltr'><strong>neque</strong></span> <span class='ocrx_word' id='word_1_14' title='bbox 852 525 993 590; x_wconf 83' lang='lat' dir='ltr'><strong>honestis</strong></span> <span class='ocrx_word' id='word_1_15' title='bbox 1023 544 1127 608; x_wconf 86' lang='lat' dir='ltr'><strong>neque</strong></span> <span class='ocrx_word' id='word_1_16' title='bbox 1148 524 1303 610; x_wconf 79' lang='lat' dir='ltr'><strong>improbis</strong></span> 
     </span>
     <span class='ocr_line' id='line_1_4' title="bbox 177 625 536 713; baseline -0.003 -20"><span class='ocrx_word' id='word_1_17' title='bbox 177 625 315 695; x_wconf 78' lang='lat' dir='ltr'><strong>anticum</strong></span> <span class='ocrx_word' id='word_1_18' title='bbox 339 647 411 694; x_wconf 89' lang='lat' dir='ltr'><strong>esse</strong></span> <span class='ocrx_word' id='word_1_19' title='bbox 432 647 536 713; x_wconf 88' lang='lat' dir='ltr'><strong>posse.</strong></span> 
     </span>
    </p>

    <p class='ocr_par' dir='ltr' id='par_1_3' title="bbox 177 719 1307 3280">
     <span class='ocr_line' id='line_1_5' title="bbox 264 719 1301 813; baseline 0.004 -19"><span class='ocrx_word' id='word_1_20' title='bbox 264 732 381 813; x_wconf 87' lang='lat' dir='ltr'><strong>Atque</strong></span> <span class='ocrx_word' id='word_1_21' title='bbox 395 729 428 795; x_wconf 90' lang='lat' dir='ltr'><strong>id</strong></span> <span class='ocrx_word' id='word_1_22' title='bbox 451 729 583 813; x_wconf 86' lang='lat' dir='ltr'><strong>quidem·</strong></span> <span class='ocrx_word' id='word_1_23' title='bbox 597 729 715 795; x_wconf 87' lang='lat' dir='ltr'><strong>Weilio</strong></span> <span class='ocrx_word' id='word_1_24' title='bbox 738 729 1046 795; x_wconf 80' lang='lat' dir='ltr'><strong>concedendum-est</strong></span> <span class='ocrx_word' id='word_1_25' title='bbox 1062 719 1223 800; x_wconf 84' lang='lat' dir='ltr'><strong>interdum</strong></span> <span class='ocrx_word' id='word_1_26' title='bbox 1239 749 1301 798; x_wconf 84' lang='lat' dir='ltr'><strong>non</strong></span> 
     </span>
     <span class='ocr_line' id='line_1_6' title="bbox 179 831 1302 919; baseline -0.003 -20"><span class='ocrx_word' id='word_1_27' title='bbox 179 834 265 899; x_wconf 87' lang='lat' dir='ltr'><strong>omni</strong></span> <span class='ocrx_word' id='word_1_28' title='bbox 289 833 436 919; x_wconf 82' lang='lat' dir='ltr'><strong>populari</strong></span> <span class='ocrx_word' id='word_1_29' title='bbox 459 832 566 917; x_wconf 84' lang='lat' dir='ltr'><strong>gratia</strong></span> <span class='ocrx_word' id='word_1_30' title='bbox 590 832 732 898; x_wconf 84' lang='lat' dir='ltr'><strong>carnisse</strong></span> <span class='ocrx_word' id='word_1_31' title='bbox 755 831 973 917; x_wconf 75' lang='lat' dir='ltr'>sycophantas</span> <span class='ocrx_word' id='word_1_32' title='bbox 988 831 1025 917; x_wconf 88' lang='lat'><strong>¹),</strong></span> <span class='ocrx_word' id='word_1_33' title='bbox 1048 833 1104 898; x_wconf 90' lang='lat' dir='ltr'><strong>sed</strong></span> <span class='ocrx_word' id='word_1_34' title='bbox 1126 833 1225 898; x_wconf 88' lang='lat' dir='ltr'><strong>talem</strong></span> <span class='ocrx_word' id='word_1_35' title='bbox 1249 831 1302 896; x_wconf 93' lang='lat' dir='ltr'><strong>ho-</strong></span> 
     </span>
     <span class='ocr_line' id='line_1_7' title="bbox 179 934 1302 1019; baseline -0.001 -18"><span class='ocrx_word' id='word_1_36' title='bbox 179 938 314 1016; x_wconf 82' lang='lat' dir='ltr'><strong>minem,</strong></span> <span class='ocrx_word' id='word_1_37' title='bbox 343 935 450 1019; x_wconf 86' lang='lat' dir='ltr'><strong>qualis</strong></span> <span class='ocrx_word' id='word_1_38' title='bbox 473 943 544 1001; x_wconf 83' lang='lat' dir='ltr'><strong>erat</strong></span> <span class='ocrx_word' id='word_1_39' title='bbox 565 934 780 1018; x_wconf 71' lang='lat' dir='ltr'><strong>Aristogiton,</strong></span> <span class='ocrx_word' id='word_1_40' title='bbox 809 935 864 1018; x_wconf 87' lang='lat' dir='ltr'><strong>qui</strong></span> <span class='ocrx_word' id='word_1_41' title='bbox 894 953 1036 1000; x_wconf 88' lang='lat' dir='ltr'><strong>summos</strong></span> <span class='ocrx_word' id='word_1_42' title='bbox 1062 935 1189 1001; x_wconf 88' lang='lat' dir='ltr'><strong>infimos</strong></span> <span class='ocrx_word' id='word_1_43' title='bbox 1211 955 1302 1001; x_wconf 86' lang='lat' dir='ltr'><strong>accu-</strong></span> 
     </span>
     <span class='ocr_line' id='line_1_8' title="bbox 179 1033 1303 1121; baseline -0.002 -17"><span class='ocrx_word' id='word_1_44' title='bbox 179 1039 283 1104; x_wconf 89' lang='lat' dir='ltr'><strong>sando</strong></span> <span class='ocrx_word' id='word_1_45' title='bbox 305 1044 403 1121; x_wconf 88' lang='lat' dir='ltr'><strong>atque</strong></span> <span class='ocrx_word' id='word_1_46' title='bbox 426 1039 458 1102; x_wconf 85' lang='lat' dir='ltr'><strong>vi</strong></span> <span class='ocrx_word' id='word_1_47' title='bbox 480 1033 686 1117; x_wconf 43' lang='lat' dir='ltr'><strong>vexaverat*</strong></span> <span class='ocrx_word' id='word_1_48' title='bbox 700 1037 814 1103; x_wconf 87' lang='lat' dir='ltr'><strong>eadem</strong></span> <span class='ocrx_word' id='word_1_49' title='bbox 837 1057 929 1102; x_wconf 88' lang='lat' dir='ltr'><strong>usum</strong></span> <span class='ocrx_word' id='word_1_50' title='bbox 952 1057 1024 1103; x_wconf 88' lang='lat' dir='ltr'><strong>esse</strong></span> <span class='ocrx_word' id='word_1_51' title='bbox 1045 1039 1151 1121; x_wconf 83' lang='lat' dir='ltr'><strong>gratio</strong></span> <span class='ocrx_word' id='word_1_52' title='bbox 1174 1039 1303 1104; x_wconf 88' lang='lat' dir='ltr'><strong>omnino</strong></span> 
     </span>
     <span class='ocr_line' id='line_1_9' title="bbox 180 1137 1304 1226; baseline -0.002 -20"><span class='ocrx_word' id='word_1_53' title='bbox 180 1137 258 1206; x_wconf 88' lang='lat' dir='ltr'><strong>mihi</strong></span> <span class='ocrx_word' id='word_1_54' title='bbox 281 1140 407 1206; x_wconf 86' lang='lat' dir='ltr'><strong>videtur</strong></span> <span class='ocrx_word' id='word_1_55' title='bbox 429 1139 617 1206; x_wconf 74' lang='lat' dir='ltr'><strong>incredibile</strong></span> <span class='ocrx_word' id='word_1_56' title='bbox 641 1152 727 1224; x_wconf 82' lang='lat' dir='ltr'><strong>esse3</strong></span> <span class='ocrx_word' id='word_1_57' title='bbox 750 1140 825 1204; x_wconf 80' lang='lat' dir='ltr'><strong>tslis</strong></span> <span class='ocrx_word' id='word_1_58' title='bbox 847 1139 986 1206; x_wconf 88' lang='lat' dir='ltr'><strong>hominis</strong></span> <span class='ocrx_word' id='word_1_59' title='bbox 1002 1159 1106 1206; x_wconf 88' lang='lat' dir='ltr'><strong>mores</strong></span> <span class='ocrx_word' id='word_1_60' title='bbox 1122 1159 1222 1222; x_wconf 83' lang='lat' dir='ltr'><strong>quam.</strong></span> <span class='ocrx_word' id='word_1_61' title='bbox 1235 1161 1304 1226; x_wconf 93' lang='lat' dir='ltr'><strong>per-</strong></span> 
     </span>
     <span class='ocr_line' id='line_1_10' title="bbox 179 1239 1306 1328; baseline -0.002 -18"><span class='ocrx_word' id='word_1_62' title='bbox 179 1239 293 1310; x_wconf 84' lang='lat' dir='ltr'><strong>niciosi</strong></span> <span class='ocrx_word' id='word_1_63' title='bbox 315 1249 423 1310; x_wconf 89' lang='lat' dir='ltr'><strong>essent</strong></span> <span class='ocrx_word' id='word_1_64' title='bbox 446 1243 585 1326; x_wconf 80' lang='lat' dir='ltr'><strong>civibus,</strong></span> <span class='ocrx_word' id='word_1_65' title='bbox 616 1243 643 1307; x_wconf 93' lang='lat' dir='ltr'><strong>si</strong></span> <span class='ocrx_word' id='word_1_66' title='bbox 666 1249 774 1308; x_wconf 80' lang='lat' dir='ltr'><strong>orator</strong></span> <span class='ocrx_word' id='word_1_67' title='bbox 795 1242 955 1308; x_wconf 89' lang='lat' dir='ltr'><strong>indicibus</strong></span> <span class='ocrx_word' id='word_1_68' title='bbox 977 1243 1169 1328; x_wconf 88' lang='lat' dir='ltr'><strong>persuadere</strong></span> <span class='ocrx_word' id='word_1_69' title='bbox 1195 1245 1306 1327; x_wconf 84' lang='lat' dir='ltr'><strong>voluit,</strong></span> 
     </span>
     <span class='ocr_line' id='line_1_11' title="bbox 178 1345 1304 1432; baseline -0.001 -20"><span class='ocrx_word' id='word_1_70' title='bbox 178 1368 245 1412; x_wconf 88' lang='lat' dir='ltr'><strong>non</strong></span> <span class='ocrx_word' id='word_1_71' title='bbox 265 1365 349 1432; x_wconf 82' lang='lat' dir='ltr'><strong>opus</strong></span> <span class='ocrx_word' id='word_1_72' title='bbox 375 1352 446 1411; x_wconf 91' lang='lat' dir='ltr'><strong>erat</strong></span> <span class='ocrx_word' id='word_1_73' title='bbox 468 1365 533 1411; x_wconf 87' lang='lat' dir='ltr'><strong>rem</strong></span> <span class='ocrx_word' id='word_1_74' title='bbox 557 1347 604 1410; x_wconf 88' lang='lat' dir='ltr'><strong>ita</strong></span> <span class='ocrx_word' id='word_1_75' title='bbox 625 1351 773 1428; x_wconf 88' lang='lat' dir='ltr'><strong>tractare,</strong></span> <span class='ocrx_word' id='word_1_76' title='bbox 796 1351 832 1410; x_wconf 88' lang='lat' dir='ltr'><strong>ut</strong></span> <span class='ocrx_word' id='word_1_77' title='bbox 853 1345 884 1411; x_wconf 93' lang='lat' dir='ltr'><strong>ei</strong></span> <span class='ocrx_word' id='word_1_78' title='bbox 906 1365 969 1410; x_wconf 91' lang='lat' dir='ltr'><strong>non</strong></span> <span class='ocrx_word' id='word_1_79' title='bbox 993 1365 1064 1410; x_wconf 90' lang='lat' dir='ltr'><strong>cum</strong></span> <span class='ocrx_word' id='word_1_80' title='bbox 1080 1345 1238 1411; x_wconf 90' lang='lat' dir='ltr'><strong>iudicibus</strong></span> <span class='ocrx_word' id='word_1_81' title='bbox 1253 1365 1304 1411; x_wconf 87' lang='lat' dir='ltr'><strong>res</strong></span> 
     </span>
     <span class='ocr_line' id='line_1_12' title="bbox 179 1447 1303 1532; baseline -0.003 -16"><span class='ocrx_word' id='word_1_82' title='bbox 179 1469 255 1516; x_wconf 86' lang='lat' dir='ltr'><strong>osse</strong></span> <span class='ocrx_word' id='word_1_83' title='bbox 275 1449 452 1532; x_wconf 88' lang='lat' dir='ltr'><strong>videretur,</strong></span> <span class='ocrx_word' id='word_1_84' title='bbox 474 1448 531 1513; x_wconf 91' lang='lat' dir='ltr'><strong>sed</strong></span> <span class='ocrx_word' id='word_1_85' title='bbox 557 1469 627 1514; x_wconf 92' lang='lat' dir='ltr'><strong>cum</strong></span> <span class='ocrx_word' id='word_1_86' title='bbox 652 1447 829 1532; x_wconf 62' lang='lat' dir='ltr'><strong>Philotam</strong></span> <span class='ocrx_word' id='word_1_87' title='bbox 858 1467 952 1531; x_wconf 88' lang='lat' dir='ltr'><strong>quern</strong></span> <span class='ocrx_word' id='word_1_88' title='bbox 975 1465 1073 1514; x_wconf 85' lang='lat' dir='ltr'><strong>unum</strong></span> <span class='ocrx_word' id='word_1_89' title='bbox 1096 1450 1136 1513; x_wconf 92' lang='lat' dir='ltr'><strong>oh</strong></span> <span class='ocrx_word' id='word_1_90' title='bbox 1160 1469 1231 1514; x_wconf 86' lang='lat' dir='ltr'><strong>eam</strong></span> <span class='ocrx_word' id='word_1_91' title='bbox 1256 1469 1303 1513; x_wconf 90' lang='lat' dir='ltr'><strong>so·</strong></span> 
     </span>
     <span class='ocr_line' id='line_1_13' title="bbox 179 1549 1303 1634; baseline 0 -18"><span class='ocrx_word' id='word_1_92' title='bbox 179 1551 252 1616; x_wconf 62' lang='lat' dir='ltr'><strong>lam*</strong></span> <span class='ocrx_word' id='word_1_93' title='bbox 277 1567 408 1618; x_wconf 85' lang='lat' dir='ltr'><strong>eausam</strong></span> <span class='ocrx_word' id='word_1_94' title='bbox 432 1549 609 1632; x_wconf 67' lang='lat' dir='ltr'><strong>alloquitur?</strong></span> <span class='ocrx_word' id='word_1_95' title='bbox 628 1555 750 1632; x_wconf 82' lang='lat' dir='ltr'><strong>orator,</strong></span> <span class='ocrx_word' id='word_1_96' title='bbox 780 1550 870 1633; x_wconf 82' lang='lat' dir='ltr'><strong>qnod·</strong></span> <span class='ocrx_word' id='word_1_97' title='bbox 895 1551 953 1615; x_wconf 94' lang='lat' dir='ltr'><strong>ille</strong></span> <span class='ocrx_word' id='word_1_98' title='bbox 980 1569 1062 1615; x_wconf 87' lang='lat' dir='ltr'><strong>unus</strong></span> <span class='ocrx_word' id='word_1_99' title='bbox 1091 1570 1124 1616; x_wconf 90' lang='lat' dir='ltr'><strong>se</strong></span> <span class='ocrx_word' id='word_1_100' title='bbox 1147 1552 1303 1634; x_wconf 83' lang='lat' dir='ltr'><strong>Aristogi-</strong></span> 
     </span>
     <span class='ocr_line' id='line_1_14' title="bbox 180 1649 1022 1737; baseline -0.004 -17"><span class='ocrx_word' id='word_1_101' title='bbox 180 1653 269 1724; x_wconf 83' lang='lat' dir='ltr'><strong>tonis</strong></span> <span class='ocrx_word' id='word_1_102' title='bbox 285 1653 408 1718; x_wconf 87' lang='lat' dir='ltr'><strong>socium</strong></span> <span class='ocrx_word' id='word_1_103' title='bbox 431 1669 505 1719; x_wconf 89' lang='lat' dir='ltr'><strong>esse</strong></span> <span class='ocrx_word' id='word_1_104' title='bbox 526 1659 639 1737; x_wconf 83' lang='lat' dir='ltr'><strong>aperte</strong></span> <span class='ocrx_word' id='word_1_105' title='bbox 660 1649 801 1736; x_wconf 82' lang='lat' dir='ltr'><strong>profiteri</strong></span> <span class='ocrx_word' id='word_1_106' title='bbox 823 1671 923 1721; x_wconf 86' lang='lat' dir='ltr'><strong>ansus</strong></span> <span class='ocrx_word' id='word_1_107' title='bbox 944 1660 1022 1720; x_wconf 81' lang='lat' dir='ltr'><strong>erat</strong></span> 
     </span>
     <span class='ocr_line' id='line_1_15' title="bbox 267 1753 1305 1838; baseline 0.003 -17.761"><span class='ocrx_word' id='word_1_108' title='bbox 267 1753 471 1838; x_wconf 79' lang='lat' dir='ltr'><strong>Quemquam</strong></span> <span class='ocrx_word' id='word_1_109' title='bbox 502 1754 531 1819; x_wconf 88' lang='lat' dir='ltr'><strong>si</strong></span> <span class='ocrx_word' id='word_1_110' title='bbox 560 1754 654 1826; x_wconf 85' lang='lat' dir='ltr'><strong>modo</strong></span> <span class='ocrx_word' id='word_1_111' title='bbox 684 1761 769 1824; x_wconf 72' lang='lat' dir='ltr'><strong>recte</strong></span> <span class='ocrx_word' id='word_1_112' title='bbox 795 1754 876 1819; x_wconf 87' lang='lat' dir='ltr'><strong>lllnd</strong></span> <span class='ocrx_word' id='word_1_113' title='bbox 904 1755 1194 1822; x_wconf 84' lang='lat' dir='ltr'><strong>demonstravimus</strong></span> <span class='ocrx_word' id='word_1_114' title='bbox 1222 1756 1305 1824; x_wconf 89' lang='lat' dir='ltr'><strong>hanc</strong></span> 
     </span>
     <span class='ocr_line' id='line_1_16' title="bbox 181 1856 1305 1944; baseline 0.002 -19"><span class='ocrx_word' id='word_1_115' title='bbox 181 1859 358 1925; x_wconf 90' lang='lat' dir='ltr'><strong>orationem</strong></span> <span class='ocrx_word' id='word_1_116' title='bbox 381 1858 424 1923; x_wconf 85' lang='lat' dir='ltr'><strong>ah</strong></span> <span class='ocrx_word' id='word_1_117' title='bbox 446 1857 579 1940; x_wconf 87' lang='lat' dir='ltr'><strong>aequali</strong></span> <span class='ocrx_word' id='word_1_118' title='bbox 596 1856 819 1923; x_wconf 76' lang='lat' dir='ltr'><strong>Demosthenis</strong></span> <span class='ocrx_word' id='word_1_119' title='bbox 841 1874 945 1942; x_wconf 87' lang='lat' dir='ltr'><strong>neque</strong></span> <span class='ocrx_word' id='word_1_120' title='bbox 967 1859 1182 1944; x_wconf 72' lang='lat' dir='ltr'><strong>consumptam</strong></span> <span class='ocrx_word' id='word_1_121' title='bbox 1201 1877 1305 1944; x_wconf 81' lang='lat' dir='ltr'><strong>neque</strong></span> 
     </span>
     <span class='ocr_line' id='line_1_17' title="bbox 180 1961 1304 2045; baseline -0.001 -15"><span class='ocrx_word' id='word_1_122' title='bbox 180 1961 325 2032; x_wconf 80' lang='lat' dir='ltr'><strong>habitam</strong></span> <span class='ocrx_word' id='word_1_123' title='bbox 348 1977 420 2026; x_wconf 85' lang='lat' dir='ltr'><strong>esse</strong></span> <span class='ocrx_word' id='word_1_124' title='bbox 438 1979 547 2045; x_wconf 83' lang='lat' dir='ltr'><strong>posse,</strong></span> <span class='ocrx_word' id='word_1_125' title='bbox 569 1979 632 2024; x_wconf 88' lang='lat' dir='ltr'><strong>non</strong></span> <span class='ocrx_word' id='word_1_126' title='bbox 655 1967 741 2026; x_wconf 91' lang='lat' dir='ltr'><strong>esset</strong></span> <span class='ocrx_word' id='word_1_127' title='bbox 762 1975 895 2028; x_wconf 84' lang='lat' dir='ltr'><strong>necesse</strong></span> <span class='ocrx_word' id='word_1_128' title='bbox 925 1977 1035 2026; x_wconf 84' lang='lat' dir='ltr'><strong>eornm</strong></span> <span class='ocrx_word' id='word_1_129' title='bbox 1062 1962 1208 2029; x_wconf 84' lang='lat' dir='ltr'><strong>refellere</strong></span> <span class='ocrx_word' id='word_1_130' title='bbox 1234 1983 1304 2029; x_wconf 92' lang='lat' dir='ltr'><strong>sen·</strong></span> 
     </span>
     <span class='ocr_line' id='line_1_18' title="bbox 181 2061 1305 2147; baseline 0 -17"><span class='ocrx_word' id='word_1_131' title='bbox 181 2064 330 2142; x_wconf 82' lang='lat' dir='ltr'><strong>lentiam,</strong></span> <span class='ocrx_word' id='word_1_132' title='bbox 362 2062 415 2147; x_wconf 90' lang='lat' dir='ltr'><strong>qui</strong></span> <span class='ocrx_word' id='word_1_133' title='bbox 439 2061 636 2147; x_wconf 79' lang='lat' dir='ltr'><strong>Hyper-idern</strong></span> <span class='ocrx_word' id='word_1_134' title='bbox 667 2069 829 2131; x_wconf 87' lang='lat' dir='ltr'><strong>auctorem</strong></span> <span class='ocrx_word' id='word_1_135' title='bbox 850 2064 1079 2146; x_wconf 83' lang='lat' dir='ltr'><strong>essevolnnt,</strong></span> <span class='ocrx_word' id='word_1_136' title='bbox 1110 2071 1235 2145; x_wconf 84' lang='lat' dir='ltr'><strong>tamen,</strong></span> <span class='ocrx_word' id='word_1_137' title='bbox 1266 2085 1305 2131; x_wconf 91' lang='lat' dir='ltr'><strong>ne</strong></span> 
     </span>
     <span class='ocr_line' id='line_1_19' title="bbox 181 2161 1307 2252; baseline 0 -19"><span class='ocrx_word' id='word_1_138' title='bbox 181 2167 258 2252; x_wconf 86' lang='lat' dir='ltr'><strong>qnid</strong></span> <span class='ocrx_word' id='word_1_139' title='bbox 282 2165 435 2236; x_wconf 81' lang='lat' dir='ltr'><strong>omissum</strong></span> <span class='ocrx_word' id='word_1_140' title='bbox 456 2165 614 2247; x_wconf 70' lang='lat' dir='ltr'><strong>rideatur,</strong></span> <span class='ocrx_word' id='word_1_141' title='bbox 636 2161 759 2230; x_wconf 87' lang='lat' dir='ltr'><strong>Reiskii</strong></span> <span class='ocrx_word' id='word_1_142' title='bbox 782 2172 814 2234; x_wconf 87' lang='lat' dir='ltr'><strong>et</strong></span> <span class='ocrx_word' id='word_1_143' title='bbox 830 2163 941 2236; x_wconf 71' lang='lat' dir='ltr'><strong>hebeti</strong></span> <span class='ocrx_word' id='word_1_144' title='bbox 961 2167 1152 2232; x_wconf 79' lang='lat' dir='ltr'><strong>sententiam</strong></span> <span class='ocrx_word' id='word_1_145' title='bbox 1169 2168 1307 2237; x_wconf 85' lang='lat' dir='ltr'><strong>breviter</strong></span> 
     </span>
     <span class='ocr_line' id='line_1_20' title="bbox 182 2266 1305 2354; baseline -0.001 -17"><span class='ocrx_word' id='word_1_146' title='bbox 182 2272 343 2354; x_wconf 80' lang='lat' dir='ltr'><strong>attingere</strong></span> <span class='ocrx_word' id='word_1_147' title='bbox 371 2269 475 2334; x_wconf 89' lang='lat' dir='ltr'><strong>licent.</strong></span> <span class='ocrx_word' id='word_1_148' title='bbox 526 2266 730 2353; x_wconf 58' lang='lat' dir='ltr'><strong>helesium),</strong></span> <span class='ocrx_word' id='word_1_149' title='bbox 766 2268 857 2333; x_wconf 90' lang='lat' dir='ltr'><strong>cuius</strong></span> <span class='ocrx_word' id='word_1_150' title='bbox 888 2274 998 2335; x_wconf 86' lang='lat' dir='ltr'><strong>aetate</strong></span> <span class='ocrx_word' id='word_1_151' title='bbox 1028 2269 1211 2354; x_wconf 86' lang='lat' dir='ltr'><strong>Hyperides</strong></span> <span class='ocrx_word' id='word_1_152' title='bbox 1242 2292 1305 2336; x_wconf 94' lang='lat' dir='ltr'><strong>non</strong></span> 
     </span>
     <span class='ocr_line' id='line_1_21' title="bbox 182 2370 1304 2454; baseline -0.001 -14"><span class='ocrx_word' id='word_1_153' title='bbox 182 2380 252 2440; x_wconf 85' lang='lat' dir='ltr'><strong>erat</strong></span> <span class='ocrx_word' id='word_1_154' title='bbox 272 2379 368 2438; x_wconf 87' lang='lat' dir='ltr'><strong>notus</strong></span> <span class='ocrx_word' id='word_1_155' title='bbox 390 2372 452 2440; x_wconf 90' lang='lat' dir='ltr'><strong>nisi</strong></span> <span class='ocrx_word' id='word_1_156' title='bbox 475 2391 515 2438; x_wconf 83' lang='lat' dir='ltr'><strong>ex</strong></span> <span class='ocrx_word' id='word_1_157' title='bbox 538 2370 591 2454; x_wconf 89' lang='lat' dir='ltr'><strong>iis,</strong></span> <span class='ocrx_word' id='word_1_158' title='bbox 618 2390 703 2453; x_wconf 87' lang='lat' dir='ltr'><strong>qnae</strong></span> <span class='ocrx_word' id='word_1_159' title='bbox 725 2379 850 2436; x_wconf 86' lang='lat' dir='ltr'><strong>veteres</strong></span> <span class='ocrx_word' id='word_1_160' title='bbox 873 2371 973 2438; x_wconf 88' lang='lat' dir='ltr'><strong>critici</strong></span> <span class='ocrx_word' id='word_1_161' title='bbox 995 2373 1036 2438; x_wconf 91' lang='lat' dir='ltr'><strong>de</strong></span> <span class='ocrx_word' id='word_1_162' title='bbox 1058 2391 1096 2438; x_wconf 93' lang='lat' dir='ltr'><strong>eo</strong></span> <span class='ocrx_word' id='word_1_163' title='bbox 1118 2374 1304 2439; x_wconf 85' lang='lat' dir='ltr'><strong>iudicabant</strong></span> 
     </span>
     <span class='ocr_line' id='line_1_22' title="bbox 179 2473 1304 2559; baseline -0.001 -16"><span class='ocrx_word' id='word_1_164' title='bbox 179 2483 215 2543; x_wconf 81' lang='lat' dir='ltr'><strong>et</strong></span> <span class='ocrx_word' id='word_1_165' title='bbox 235 2494 278 2543; x_wconf 85' lang='lat' dir='ltr'><strong>ex</strong></span> <span class='ocrx_word' id='word_1_166' title='bbox 299 2477 369 2545; x_wconf 89' lang='lat' dir='ltr'><strong>eius</strong></span> <span class='ocrx_word' id='word_1_167' title='bbox 390 2474 590 2540; x_wconf 89' lang='lat' dir='ltr'><strong>orationihus</strong></span> <span class='ocrx_word' id='word_1_168' title='bbox 612 2473 797 2556; x_wconf 82' lang='lat' dir='ltr'><strong>afferebant,</strong></span> <span class='ocrx_word' id='word_1_169' title='bbox 820 2473 994 2559; x_wconf 82' lang='lat' dir='ltr'><strong>praecipue</strong></span> <span class='ocrx_word' id='word_1_170' title='bbox 1016 2493 1055 2540; x_wconf 91' lang='lat' dir='ltr'><strong>eo</strong></span> <span class='ocrx_word' id='word_1_171' title='bbox 1073 2484 1123 2542; x_wconf 91' lang='lat' dir='ltr'><strong>est</strong></span> <span class='ocrx_word' id='word_1_172' title='bbox 1137 2476 1304 2557; x_wconf 87' lang='lat' dir='ltr'><strong>adductus,</strong></span> 
     </span>
     <span class='ocr_line' id='line_1_23' title="bbox 181 2576 1305 2664; baseline 0 -19"><span class='ocrx_word' id='word_1_173' title='bbox 181 2585 218 2645; x_wconf 81' lang='lat' dir='ltr'><strong>ut</strong></span> <span class='ocrx_word' id='word_1_174' title='bbox 247 2577 445 2664; x_wconf 82' lang='lat' dir='ltr'><strong>Hyperidem</strong></span> <span class='ocrx_word' id='word_1_175' title='bbox 477 2583 640 2642; x_wconf 83' lang='lat' dir='ltr'><strong>auctorem</strong></span> <span class='ocrx_word' id='word_1_176' title='bbox 669 2595 743 2642; x_wconf 84' lang='lat' dir='ltr'><strong>esse</strong></span> <span class='ocrx_word' id='word_1_177' title='bbox 773 2576 885 2658; x_wconf 86' lang='lat' dir='ltr'><strong>vellet,</strong></span> <span class='ocrx_word' id='word_1_178' title='bbox 921 2577 1007 2659; x_wconf 89' lang='lat' dir='ltr'><strong>quod</strong></span> <span class='ocrx_word' id='word_1_179' title='bbox 1035 2593 1057 2643; x_wconf 86' lang='lat' dir='ltr'><strong>a</strong></span> <span class='ocrx_word' id='word_1_180' title='bbox 1085 2581 1305 2661; x_wconf 75' lang='lat' dir='ltr'><strong>grammaticis</strong></span> 
     </span>
     <span class='ocr_line' id='line_1_24' title="bbox 181 2671 1305 2765; baseline 0 -19"><span class='ocrx_word' id='word_1_181' title='bbox 181 2681 270 2747; x_wconf 90' lang='lat' dir='ltr'><strong>illins</strong></span> <span class='ocrx_word' id='word_1_182' title='bbox 291 2681 466 2746; x_wconf 83' lang='lat' dir='ltr'><strong>orationem</strong></span> <span class='ocrx_word' id='word_1_183' title='bbox 490 2675 576 2765; x_wconf 79' lang='grc' dir='ltr'><strong><em>πρὸς</em></strong></span> <span class='ocrx_word' id='word_1_184' title='bbox 584 2671 846 2764; x_wconf 71' lang='grc' dir='ltr'><strong><em>Ἀριστογείτονα</em></strong></span> <span class='ocrx_word' id='word_1_185' title='bbox 862 2678 989 2743; x_wconf 86' lang='lat' dir='ltr'><strong>laudari</strong></span> <span class='ocrx_word' id='word_1_186' title='bbox 1005 2679 1100 2764; x_wconf 80' lang='lat' dir='ltr'><strong>vidit3</strong></span> <span class='ocrx_word' id='word_1_187' title='bbox 1123 2688 1208 2746; x_wconf 86' lang='lat' dir='ltr'><strong>recte</strong></span> <span class='ocrx_word' id='word_1_188' title='bbox 1229 2695 1305 2746; x_wconf 83' lang='lat' dir='ltr'><strong>rere</strong></span> 
     </span>
     <span class='ocr_line' id='line_1_25' title="bbox 182 2775 1306 2864; baseline -0.001 -14"><span class='ocrx_word' id='word_1_189' title='bbox 182 2785 320 2852; x_wconf 83' lang='lat' dir='ltr'><strong>Woilins</strong></span> <span class='ocrx_word' id='word_1_190' title='bbox 352 2789 459 2848; x_wconf 89' lang='lat' dir='ltr'><strong>monet</strong></span> <span class='ocrx_word' id='word_1_191' title='bbox 489 2775 572 2848; x_wconf 84' lang='lat' dir='ltr'><strong>hane</strong></span> <span class='ocrx_word' id='word_1_192' title='bbox 602 2801 698 2864; x_wconf 89' lang='lat' dir='ltr'><strong>quam</strong></span> <span class='ocrx_word' id='word_1_193' title='bbox 728 2780 999 2848; x_wconf 83' lang='lat' dir='ltr'><strong>nos-habeamus</strong></span> <span class='ocrx_word' id='word_1_194' title='bbox 1036 2784 1213 2850; x_wconf 84' lang='lat' dir='ltr'><strong>orationem</strong></span> <span class='ocrx_word' id='word_1_195' title='bbox 1243 2803 1306 2849; x_wconf 89' lang='lat' dir='ltr'><strong>non</strong></span> 
     </span>
     <span class='ocr_line' id='line_1_26' title="bbox 181 2874 1306 2972; baseline -0.002 -19"><span class='ocrx_word' id='word_1_196' title='bbox 181 2904 255 2954; x_wconf 85' lang='lat' dir='ltr'><strong>esse</strong></span> <span class='ocrx_word' id='word_1_197' title='bbox 277 2882 364 2972; x_wconf 76' lang='grc' dir='ltr'><strong>πρὸς</strong></span> <span class='ocrx_word' id='word_1_198' title='bbox 382 2877 658 2971; x_wconf 70' lang='grc' dir='ltr'><strong><em>Ἀριστογείτονα,</em></strong></span> <span class='ocrx_word' id='word_1_199' title='bbox 681 2883 738 2949; x_wconf 85' lang='lat' dir='ltr'><strong>sed</strong></span> <span class='ocrx_word' id='word_1_200' title='bbox 752 2879 840 2950; x_wconf 79' lang='grc' dir='ltr'><strong><em>κατὰ</em></strong></span> <span class='ocrx_word' id='word_1_201' title='bbox 850 2874 1168 2968; x_wconf 61' lang='grc' dir='ltr'><strong><em>Ἆριοτογείτονοςθ).</em></strong></span> <span class='ocrx_word' id='word_1_202' title='bbox 1213 2887 1306 2952; x_wconf 83' lang='lat' dir='ltr'><strong>Prae</strong></span> 
     </span>
     <span class='ocr_line' id='line_1_27' title="bbox 179 2985 1307 3072; baseline -0.003 -16"><span class='ocrx_word' id='word_1_203' title='bbox 179 2995 273 3056; x_wconf 80' lang='lat' dir='ltr'><strong>terea</strong></span> <span class='ocrx_word' id='word_1_204' title='bbox 295 2987 472 3056; x_wconf 83' lang='lat' dir='ltr'><strong>orationem</strong></span> <span class='ocrx_word' id='word_1_205' title='bbox 497 2985 715 3072; x_wconf 85' lang='lat' dir='ltr'><strong>Hyperidearn</strong></span> <span class='ocrx_word' id='word_1_206' title='bbox 739 2985 884 3051; x_wconf 83' lang='lat' dir='ltr'><strong>habitam</strong></span> <span class='ocrx_word' id='word_1_207' title='bbox 907 3003 980 3052; x_wconf 87' lang='lat' dir='ltr'><strong>csse</strong></span> <span class='ocrx_word' id='word_1_208' title='bbox 1003 2993 1140 3072; x_wconf 83' lang='lat' dir='ltr'><strong>constat,</strong></span> <span class='ocrx_word' id='word_1_209' title='bbox 1161 3007 1231 3053; x_wconf 88' lang='lat' dir='ltr'><strong>cum</strong></span> <span class='ocrx_word' id='word_1_210' title='bbox 1252 2987 1307 3054; x_wconf 84' lang='lat' dir='ltr'><strong>ille</strong></span> 
     </span>
     <span class='ocr_line' id='line_1_28' title="bbox 184 3087 1307 3178; baseline -0.002 -21"><span class='ocrx_word' id='word_1_211' title='bbox 184 3098 321 3178; x_wconf 82' lang='lat' dir='ltr'><strong>propter·</strong></span> <span class='ocrx_word' id='word_1_212' title='bbox 344 3090 504 3156; x_wconf 83' lang='lat' dir='ltr'><strong>decretum</strong></span> <span class='ocrx_word' id='word_1_213' title='bbox 534 3095 607 3174; x_wconf 89' lang='lat' dir='ltr'><strong>post</strong></span> <span class='ocrx_word' id='word_1_214' title='bbox 635 3107 778 3174; x_wconf 82' lang='lat' dir='ltr'><strong>pugnam</strong></span> <span class='ocrx_word' id='word_1_215' title='bbox 808 3087 1065 3155; x_wconf 76' lang='lat' dir='ltr'><strong>Chaeronensem</strong></span> <span class='ocrx_word' id='word_1_216' title='bbox 1095 3091 1210 3174; x_wconf 82' lang='lat' dir='ltr'><strong>latum,</strong></span> <span class='ocrx_word' id='word_1_217' title='bbox 1244 3111 1307 3174; x_wconf 87' lang='lat' dir='ltr'><strong>qno</strong></span> 
     </span>
     <span class='ocr_line' id='line_1_29' title="bbox 184 3186 1306 3280; baseline -0.004 -18"><span class='ocrx_word' id='word_1_218' title='bbox 184 3186 324 3280; x_wconf 70' lang='grc' dir='ltr'><strong><em>ἀτίμους</em></strong></span> <span class='ocrx_word' id='word_1_219' title='bbox 353 3201 387 3261; x_wconf 92' lang='lat' dir='ltr'><strong>et</strong></span> <span class='ocrx_word' id='word_1_220' title='bbox 414 3193 541 3260; x_wconf 88' lang='lat' dir='ltr'><strong>exsules</strong></span> <span class='ocrx_word' id='word_1_221' title='bbox 570 3193 704 3262; x_wconf 43' lang='lat' dir='ltr'><strong>restitni*</strong></span> <span class='ocrx_word' id='word_1_222' title='bbox 727 3211 902 3276; x_wconf 84' lang='lat' dir='ltr'><strong>servosque</strong></span> <span class='ocrx_word' id='word_1_223' title='bbox 928 3187 1059 3258; x_wconf 88' lang='lat' dir='ltr'><strong>liberari</strong></span> <span class='ocrx_word' id='word_1_224' title='bbox 1088 3193 1234 3277; x_wconf 86' lang='lat' dir='ltr'><strong>iubebat,</strong></span> <span class='ocrx_word' id='word_1_225' title='bbox 1264 3195 1306 3258; x_wconf 87' lang='lat' dir='ltr'><strong>ah</strong></span> 
     </span>
    </p>
   </div>
   <div class='ocr_carea' id='block_1_3' title="bbox 184 3289 1427 3380">
    <p class='ocr_par' dir='ltr' id='par_1_4' title="bbox 184 3289 1427 3380">
     <span class='ocr_line' id='line_1_30' title="bbox 184 3289 1427 3380; baseline -0.006 -17"><span class='ocrx_word' id='word_1_226' title='bbox 184 3297 400 3380; x_wconf 73' lang='lat' dir='ltr'><strong>Aristogitone</strong></span> <span class='ocrx_word' id='word_1_227' title='bbox 422 3289 632 3380; x_wconf 82' lang='grc' dir='ltr'><strong><em>παρανόμων</em></strong></span> <span class='ocrx_word' id='word_1_228' title='bbox 653 3301 826 3361; x_wconf 84' lang='lat' dir='ltr'><strong>accusatus</strong></span> <span class='ocrx_word' id='word_1_229' title='bbox 846 3295 974 3378; x_wconf 65' lang='lat' dir='ltr'><strong>essetl).</strong></span> <span class='ocrx_word' id='word_1_230' title='bbox 1018 3293 1235 3361; x_wconf 82' lang='lat' dir='ltr'><strong>Nihilominus</strong></span> <span class='ocrx_word' id='word_1_231' title='bbox 1250 3296 1308 3362; x_wconf 82' lang='lat' dir='ltr'><strong>Oe·</strong></span> <span class='ocrx_word' id='word_1_232' title='bbox 1422 3346 1427 3355; x_wconf 93' lang='lat'>.</span> 
     </span>
    </p>
   </div>
   <div class='ocr_carea' id='block_1_4' title="bbox 180 3397 1310 3690">
    <p class='ocr_par' dir='ltr' id='par_1_5' title="bbox 180 3397 1310 3690">
     <span class='ocr_line' id='line_1_31' title="bbox 185 3397 1307 3484; baseline -0.003 -18"><span class='ocrx_word' id='word_1_233' title='bbox 185 3399 313 3484; x_wconf 67' lang='lat' dir='ltr'><strong>hetnsl)</strong></span> <span class='ocrx_word' id='word_1_234' title='bbox 342 3397 467 3464; x_wconf 88' lang='lat' dir='ltr'><strong>Reiskii</strong></span> <span class='ocrx_word' id='word_1_235' title='bbox 498 3398 713 3464; x_wconf 84' lang='lat' dir='ltr'><strong>coniecturam</strong></span> <span class='ocrx_word' id='word_1_236' title='bbox 744 3397 848 3463; x_wconf 88' lang='lat' dir='ltr'><strong>denuo</strong></span> <span class='ocrx_word' id='word_1_237' title='bbox 881 3397 1054 3463; x_wconf 84' lang='lat' dir='ltr'><strong>defendere</strong></span> <span class='ocrx_word' id='word_1_238' title='bbox 1088 3405 1220 3464; x_wconf 86' lang='lat' dir='ltr'><strong>conatus</strong></span> <span class='ocrx_word' id='word_1_239' title='bbox 1250 3405 1307 3464; x_wconf 85' lang='lat' dir='ltr'><strong>est.</strong></span> 
     </span>
     <span class='ocr_line' id='line_1_32' title="bbox 180 3497 1309 3586; baseline -0.004 -16"><span class='ocrx_word' id='word_1_240' title='bbox 180 3503 334 3586; x_wconf 70' lang='lat' dir='ltr'><strong>icaunae,</strong></span> <span class='ocrx_word' id='word_1_241' title='bbox 363 3519 445 3583; x_wconf 82' lang='lat' dir='ltr'><strong>qnos</strong></span> <span class='ocrx_word' id='word_1_242' title='bbox 476 3501 584 3584; x_wconf 86' lang='lat' dir='ltr'><strong>affert,</strong></span> <span class='ocrx_word' id='word_1_243' title='bbox 617 3499 696 3566; x_wconf 90' lang='lat' dir='ltr'><strong>haec</strong></span> <span class='ocrx_word' id='word_1_244' title='bbox 725 3507 807 3566; x_wconf 87' lang='lat' dir='ltr'><strong>sont.</strong></span> <span class='ocrx_word' id='word_1_245' title='bbox 863 3497 1027 3565; x_wconf 88' lang='lat' dir='ltr'><strong>Orationis</strong></span> <span class='ocrx_word' id='word_1_246' title='bbox 1058 3501 1309 3584; x_wconf 84' lang='lat' dir='ltr'><strong>Aristogitoniae</strong></span> 
     </span>
     <span class='ocr_line' id='line_1_33' title="bbox 180 3599 1310 3690; baseline -0.003 -19"><span class='ocrx_word' id='word_1_247' title='bbox 180 3603 439 3690; x_wconf 68' lang='lat' dir='ltr'><strong>genus-dicendi</strong></span> <span class='ocrx_word' id='word_1_248' title='bbox 461 3603 575 3669; x_wconf 34' lang='lat' dir='ltr'><strong>mines*</strong></span> <span class='ocrx_word' id='word_1_249' title='bbox 587 3603 814 3686; x_wconf 81' lang='lat' dir='ltr'><strong>estlimetum,</strong></span> <span class='ocrx_word' id='word_1_250' title='bbox 835 3601 941 3670; x_wconf 83' lang='lat' dir='ltr'><strong>miens</strong></span> <span class='ocrx_word' id='word_1_251' title='bbox 956 3599 1106 3669; x_wconf 75' lang='lat' dir='ltr'><strong>nitantur</strong></span> <span class='ocrx_word' id='word_1_252' title='bbox 1128 3603 1239 3670; x_wconf 86' lang='lat' dir='ltr'><strong>sordes</strong></span> <span class='ocrx_word' id='word_1_253' title='bbox 1255 3623 1310 3689; x_wconf 87' lang='lat' dir='ltr'><strong>po·</strong></span> 
     </span>
    </p>
   </div>
   <div class='ocr_carea' id='block_1_5' title="bbox 184 3741 389 3758">
    <p class='ocr_par' dir='ltr' id='par_1_6' title="bbox 184 3741 389 3758">
     <span class='ocr_line' id='line_1_34' title="bbox 184 3741 389 3758; baseline -0.01 -2"><span class='ocrx_word' id='word_1_254' title='bbox 184 3741 389 3758; x_wconf 55' lang='lat' dir='ltr'><strong>m·—</strong></span> 
     </span>
    </p>
   </div>
   <div class='ocr_carea' id='block_1_6' title="bbox 185 3802 1310 4307">
    <p class='ocr_par' dir='ltr' id='par_1_7' title="bbox 185 3802 1310 4049">
     <span class='ocr_line' id='line_1_35' title="bbox 196 3802 1310 3880; baseline -0.002 -18"><span class='ocrx_word' id='word_1_255' title='bbox 196 3854 216 3862; x_wconf 88' lang='lat'><strong>..</strong></span> <span class='ocrx_word' id='word_1_256' title='bbox 274 3808 392 3880; x_wconf 80' lang='lat' dir='ltr'><strong>1).de</strong></span> <span class='ocrx_word' id='word_1_257' title='bbox 408 3805 488 3864; x_wconf 78' lang='lat' dir='ltr'><strong>Dein.</strong></span> <span class='ocrx_word' id='word_1_258' title='bbox 513 3807 548 3862; x_wconf 87' lang='lat' dir='ltr'><strong>de</strong></span> <span class='ocrx_word' id='word_1_259' title='bbox 571 3807 608 3864; x_wconf 82' lang='lat' dir='ltr'><strong>iis</strong></span> <span class='ocrx_word' id='word_1_260' title='bbox 631 3805 766 3874; x_wconf 67' lang='lat' dir='ltr'><strong>sensuit,</strong></span> <span class='ocrx_word' id='word_1_261' title='bbox 788 3811 905 3875; x_wconf 73' lang='lat' dir='ltr'><strong>apparet</strong></span> <span class='ocrx_word' id='word_1_262' title='bbox 927 3821 961 3860; x_wconf 86' lang='lat' dir='ltr'><strong>ex</strong></span> <span class='ocrx_word' id='word_1_263' title='bbox 981 3807 1082 3861; x_wconf 83' lang='lat' dir='ltr'><strong>Conon.</strong></span> <span class='ocrx_word' id='word_1_264' title='bbox 1095 3811 1158 3860; x_wconf 77' lang='lat'><strong>2422</strong></span> <span class='ocrx_word' id='word_1_265' title='bbox 1181 3802 1310 3878; x_wconf 81' lang='grc' dir='ltr'><strong><em>πονηρὸν</em></strong></span> 
     </span>
     <span class='ocr_line' id='line_1_36' title="bbox 185 3887 1309 3966; baseline -0.004 -15"><span class='ocrx_word' id='word_1_266' title='bbox 185 3889 398 3966; x_wconf 72' lang='grc' dir='ltr'><strong><em>ὃονκοφαξννης</em></strong></span> <span class='ocrx_word' id='word_1_267' title='bbox 410 3887 456 3950; x_wconf 76' lang='grc' dir='ltr'><strong>ἀεὶ</strong></span> <span class='ocrx_word' id='word_1_268' title='bbox 470 3891 520 3949; x_wconf 80' lang='grc' dir='ltr'><strong>καὶ</strong></span> <span class='ocrx_word' id='word_1_269' title='bbox 532 3888 721 3964; x_wconf 62' lang='grc' dir='ltr'><strong><em>πανταχόθεν</em></strong></span> <span class='ocrx_word' id='word_1_270' title='bbox 732 3888 880 3964; x_wconf 79' lang='grc' dir='ltr'><strong><em>βάσκανον</em></strong></span> <span class='ocrx_word' id='word_1_271' title='bbox 892 3889 942 3958; x_wconf 74' lang='grc' dir='ltr'><strong>καὶ</strong></span> <span class='ocrx_word' id='word_1_272' title='bbox 955 3890 1106 3960; x_wconf 84' lang='grc' dir='ltr'><strong><em>φιλαίτιον.</em></strong></span> <span class='ocrx_word' id='word_1_273' title='bbox 1124 3892 1159 3946; x_wconf 86' lang='lat' dir='ltr'><strong>cl.</strong></span> <span class='ocrx_word' id='word_1_274' title='bbox 1171 3892 1238 3954; x_wconf 80' lang='lat' dir='ltr'><strong>ibid.</strong></span> <span class='ocrx_word' id='word_1_275' title='bbox 1253 3898 1309 3948; x_wconf 78' lang='lat'>266.</span> 
     </span>
     <span class='ocr_line' id='line_1_37' title="bbox 199 3967 1064 4049; baseline -0.008 -12"><span class='ocrx_word' id='word_1_276' title='bbox 199 3977 203 3988; x_wconf 82' lang='lat'><em>&#39;</em></span> <span class='ocrx_word' id='word_1_277' title='bbox 273 3985 300 4049; x_wconf 77' lang='lat' dir='ltr'><strong>t)</strong></span> <span class='ocrx_word' id='word_1_278' title='bbox 317 3979 423 4036; x_wconf 76' lang='lat' dir='ltr'><strong>Annos.</strong></span> <span class='ocrx_word' id='word_1_279' title='bbox 441 3973 479 4034; x_wconf 76' lang='lat' dir='ltr'><strong>ad</strong></span> <span class='ocrx_word' id='word_1_280' title='bbox 496 3986 564 4034; x_wconf 85' lang='lat' dir='ltr'><strong>orat.</strong></span> <span class='ocrx_word' id='word_1_281' title='bbox 583 3979 646 4034; x_wconf 83' lang='lat' dir='ltr'><strong>adv.</strong></span> <span class='ocrx_word' id='word_1_282' title='bbox 665 3967 840 4048; x_wconf 79' lang='lat' dir='ltr'><strong>Aristog.&#39;p.</strong></span> <span class='ocrx_word' id='word_1_283' title='bbox 855 3982 914 4046; x_wconf 81' lang='lat' dir='ltr'><strong>mr,</strong></span> <span class='ocrx_word' id='word_1_284' title='bbox 926 3983 949 4032; x_wconf 84' lang='lat' dir='ltr'><strong>s.</strong></span> <span class='ocrx_word' id='word_1_285' title='bbox 970 3983 1026 4045; x_wconf 79' lang='lat' dir='ltr'><strong>iss,</strong></span> <span class='ocrx_word' id='word_1_286' title='bbox 1040 3983 1064 4031; x_wconf 85' lang='lat'><strong>5.</strong></span> 
     </span>
    </p>

    <p class='ocr_par' dir='ltr' id='par_1_8' title="bbox 272 4067 917 4221">
     <span class='ocr_line' id='line_1_38' title="bbox 272 4067 917 4221; baseline -0.008 -14"><span class='ocrx_word' id='word_1_287' title='bbox 272 4067 301 4221; x_wconf 54' lang='lat' dir='ltr'><strong>{i</strong></span> <span class='ocrx_word' id='word_1_288' title='bbox 316 4067 544 4208; x_wconf 63' lang='lat' dir='ltr'><strong>ir⁰‘siit¹2¹.‘nc.</strong></span> <span class='ocrx_word' id='word_1_289' title='bbox 562 4149 741 4206; x_wconf 70' lang='lat' dir='ltr'><strong>sorensem.</strong></span> <span class='ocrx_word' id='word_1_290' title='bbox 759 4149 835 4203; x_wconf 78' lang='lat' dir='ltr'>111ss</span> <span class='ocrx_word' id='word_1_291' title='bbox 853 4165 881 4219; x_wconf 79' lang='lat' dir='ltr'><strong>p.</strong></span> <span class='ocrx_word' id='word_1_292' title='bbox 893 4154 917 4203; x_wconf 86' lang='lat' dir='ltr'><strong>n.</strong></span> 
     </span>
    </p>

    <p class='ocr_par' dir='ltr' id='par_1_9' title="bbox 273 4237 770 4307">
     <span class='ocr_line' id='line_1_39' title="bbox 273 4237 770 4307; baseline -0.008 -13"><span class='ocrx_word' id='word_1_293' title='bbox 273 4243 300 4302; x_wconf 84' lang='lat' dir='ltr'><strong>t)</strong></span> <span class='ocrx_word' id='word_1_294' title='bbox 318 4239 498 4295; x_wconf 84' lang='lat' dir='ltr'><strong>hlisosllanea</strong></span> <span class='ocrx_word' id='word_1_295' title='bbox 515 4237 611 4292; x_wconf 87' lang='lat' dir='ltr'><strong>critica</strong></span> <span class='ocrx_word' id='word_1_296' title='bbox 628 4253 655 4307; x_wconf 90' lang='lat' dir='ltr'><strong>p.</strong></span> <span class='ocrx_word' id='word_1_297' title='bbox 669 4241 770 4305; x_wconf 72' lang='lat' dir='ltr'><strong>these.</strong></span> 
     </span>
    </p>
   </div>
   <div class='ocr_carea' id='block_1_7' title="bbox 0 0 1565 4758">
    <p class='ocr_par' dir='ltr' id='par_1_10' title="bbox 0 0 1565 4758">
     <span class='ocr_line' id='line_1_40' title="bbox 0 0 1565 4758; baseline 0 0"><span class='ocrx_word' id='word_1_298' title='bbox 0 0 1565 4758; x_wconf 95' lang='lat' dir='ltr'><strong> </strong></span> 
     </span>
    </p>
   </div>
  </div>
 </body>
</html>
