3104 4758
243 289 261 352 8

241 459 426 523 testimonia
449 459 588 542 Lycurgi
612 464 854 538 commemorat,
884 465 950 522 tum
972 477 1014 522 ex
1037 458 1111 538 hac,
1140 477 1225 541 quae
1248 459 1362 525 Demo·

241 559 361 625 sthenis
382 581 453 625 esse
475 559 576 624 fertus
600 559 752 642 oratione,
775 560 807 623 in
830 580 894 642 qua
909 579 994 642 quae
1009 581 1060 624 res
1076 567 1362 626 commemorantur

240 685 303 726 non
326 661 436 728 addito
459 662 657 743 testimonio,
686 681 748 726 css
767 684 788 725 a
812 663 958 746 Lycurgo
982 662 1047 726 iam
1070 664 1269 746 argumentis
1291 684 1361 728 con-

241 765 383 829 firmatas
415 784 487 829 esse
516 764 691 848 putandum
730 769 786 829 est.
846 764 993 843 Accedit,
1023 765 1109 848 quod
1140 784 1179 829 nc
1207 764 1362 847 reliquiae

240 867 369 950 quidem
392 866 544 931 orationis
568 868 755 951 Lycurgcae
766 865 799 951 ¹),
821 869 971 949 quamvis
993 887 1127 952 paucae,
1154 867 1271 932 nullius
1294 888 1361 952 pre·

241 971 275 1034 tii
300 976 381 1034 sunt.

327 1073 492 1157 Lycurgus
515 1069 658 1154 longiore
667 1071 694 1157 ί)
724 1077 756 1136 ot
785 1070 1011 1136 laudatissima
1021 1071 1049 1157 8)
1080 1072 1224 1139 oratione
1246 1072 1361 1154 omnia,

242 1194 327 1258 quae
350 1174 381 1239 in
405 1193 505 1238 causa
528 1179 628 1258 crant,
650 1174 682 1238 in
700 1193 810 1238 omnes
826 1179 934 1257 partes
950 1182 1116 1240 exsecutus
1131 1181 1202 1240 erat
1213 1175 1238 1257 4)
1261 1195 1362 1241 reum-

243 1297 305 1361 que
328 1282 438 1340 contra
461 1276 510 1340 ius
533 1281 630 1358 atquc
652 1277 739 1361 teges
762 1276 875 1342 fecisse
891 1277 1116 1363 ostenderam).
1161 1277 1362 1362 Exposucrat

241 1380 490 1462 Aristogitonem
513 1385 561 1445 ter
583 1380 720 1463 pecunia
744 1379 910 1444 multatum
935 1380 1050 1465 esset),
1078 1381 1266 1465 praesertim
1289 1401 1360 1444 cum

240 1501 349 1559 cansa,
372 1501 469 1564 quam
486 1480 663 1564 Hegemoni
680 1482 877 1564 intendisset,
900 1482 1076 1566 cecidisset,
1099 1483 1186 1549 mille
1201 1481 1362 1547 drachmis

240 1584 427 1648 damnatum
458 1584 575 1669 ossei).
623 1584 769 1662 Dixerat,
799 1584 825 1648 si
857 1584 899 1650 ab
929 1585 1078 1651 Aristone
1105 1585 1223 1650 iniuria
1245 1584 1362 1649 Aristo

240 1689 328 1770 giton
352 1685 384 1750 in
408 1686 527 1752 tabulis
549 1687 668 1752 aerarii
684 1686 856 1771 inscriptus
876 1694 968 1770 esset,
990 1687 1084 1752 huius
1103 1688 1230 1770 quidem
1247 1707 1361 1753 nomen

240 1787 411 1854 secundum
435 1789 524 1872 leges
547 1790 717 1854 delendum
743 1809 815 1855 esse
838 1795 869 1856 et
893 1789 978 1854 iltius
994 1790 1232 1856 inscribendum
1243 1789 1283 1875 ⁸),
1306 1789 1361 1855 sod

240 1892 428 1975 priusquam
452 1890 605 1956 iudicium
636 1890 676 1956 dc
706 1911 746 1957 ea
775 1911 809 1956 re
841 1890 959 1957 sactum
983 1899 1085 1976 essct,
1116 1912 1204 1957 reum
1235 1893 1267 1957 in
1294 1893 1362 1956 foro

241 1995 346 2059 dicore
369 1994 501 2059 vetitum
526 2013 596 2060 csse
619 1993 695 2076 quia
717 1993 823 2059 adhuc
846 1993 1061 2078 ignoraretur,
1083 2015 1159 2059 num
1188 1994 1268 2059 forte
1295 1993 1363 2059 iuro

240 2097 409 2180 inscriptus
433 2097 560 2182 cssetss).
605 2097 654 2162 Nc
677 2096 805 2181 privata
828 2097 958 2179 quidem
981 2097 1048 2161 vita
1071 2115 1240 2179 moresque
1262 2096 1309 2161 rei
1329 2096 1361 2161 in

240 2199 382 2264 oratione
405 2199 552 2282 neglecta
573 2206 673 2264 crant.
718 2199 845 2264 Patrem
870 2198 1120 2284 Cydimachum,
1151 2220 1221 2264 cnm
1245 2198 1362 2282 capitis

240 2303 411 2367 damnatus
445 2302 602 2368 Etrctriam
639 2301 791 2386 fugisset,
825 2301 904 2367 nihil
940 2301 1107 2367 adiuverat
1142 2301 1224 2366 filius
1259 2320 1362 2383 nequo

240 2413 416 2470 mortuum,
437 2404 569 2470 honesto
607 2405 827 2489 sepeliendum
864 2412 1040 2470 curaverat.
1098 2405 1187 2469 Idem
1227 2409 1362 2468 matrem

328 2649 353 2712 t)
370 2643 560 2713 Kiesslingius
584 2643 705 2712 Lycurgi
729 2643 762 2697 fr.
787 2659 813 2712 p.
832 2649 864 2698 30
878 2659 918 2712 sq.
965 2643 1067 2698 Baiter.
1099 2649 1127 2698 et
1152 2643 1255 2712 Saupp.
1280 2647 1362 2697 oratt.

242 2731 301 2786 Att.
320 2731 356 2797 11,
375 2746 401 2800 p.
416 2734 513 2798 ttdsq.

326 2819 352 2880 2)
372 2816 445 2870 Orat.
463 2816 526 2869 adv.
545 2811 596 2869 Ar.
609 2814 631 2881 Ι,
647 2821 673 2869 l:
693 2811 781 2868 πάλαι
800 2809 971 2883 καθημειυς.

327 2906 354 2967 3)
371 2901 388 2956 ί.
402 2917 425 2955 c.
443 2896 479 2954 τὰ
496 2897 551 2968 μίν
571 2894 642 2954 ἄλλα
661 2902 757 2964 καλῶς
775 2892 864 2953 αὐτὸν
883 2891 1013 2968 ἡγούμην
1031 2893 1135 2968 λέγειν.

327 2991 355 3055 4)
373 2988 469 3041 Liban.
484 3003 540 3054 arg.
556 3003 582 3055 p.
597 2991 660 3040 roo:
681 2980 777 3054 ἐπειδὴ
797 2980 847 3054 τὴν
866 2983 1068 3056 τερατολογίαν
1086 2979 1172 3054 ἔλαβε
1192 2988 1364 3055 Λυκοῦργος

241 3071 290 3127 καί
309 3078 380 3128 πᾶσι
399 3069 642 3142 solempnitatem
660 3065 748 3136 αὐτὸς
767 3066 920 3142 ἐχρήσατο.
957 3070 1047 3125 Schol.
1067 3071 1101 3123 ad
1116 3071 1192 3124 Dcnr.
1212 3088 1234 3126 c.
1249 3073 1329 3140 Lepi.
1342 3073 1363 3138 l,

240 3176 267 3227 p.
280 3164 328 3212 457
343 3162 657 3228 πρωταγωνιστοῦντος
670 3152 843 3226 Λυκούργου
862 3155 911 3210 καί
929 3147 1027 3225 μικροί,
1045 3159 1157 3222 μᾶλλον
1175 3154 1200 3210 di
1219 3149 1362 3213 οὖδὲνκα-

241 3236 414 3307 ταλιτιόντος
434 3240 474 3308 εἰς
493 3236 641 3306 ἀπόδειξιν
659 3247 718 3296 τῶν
737 3238 917 3311 πραγμάτων
935 3247 976 3314 τῴ
996 3237 1107 3311 ῥήτορι.

330 3332 357 3396 5)
375 3330 448 3383 Orat.
467 3329 530 3383 adv.
550 3329 599 3382 Ar.
612 3329 633 3396 I,
649 3333 692 3382 tt:
717 3323 752 3381 τίι
770 3325 825 3394 μὲν
844 3318 894 3381 οὖν
913 3324 1046 3397 περὶτῆς
1065 3321 1213 3390 ἐνδείξεως
1232 3323 1282 3381 καί
1303 3332 1361 3380 τῶν

241 3410 339 3481 νόμων
358 3412 453 3468 δίκαια
479 3407 580 3478 αὐτόν,
605 3405 679 3483 ὅπερ
698 3411 854 3480 πεποίηκε,
874 3416 1046 3481 Λυκοῦργον
1066 3407 1144 3482 ἐρεῖν
1163 3405 1292 3480 ἡγούμην
1313 3410 1363 3466 καί

241 3495 308 3563 τοὺς
319 3496 469 3569 μάρτυρας
482 3503 531 3568 τῆς
543 3497 681 3569 πονηρίας
693 3503 742 3567 τῆς
755 3493 859 3552 τούτου
871 3501 974 3551 τοῦτον
990 3491 1090 3567 ἓοίροιν
1100 3494 1362 3565 αροςκαλούμενον.

314 3581 356 3652 ’6)
374 3586 418 3639 Or.
438 3586 501 3638 adv.
514 3584 550 3653 ll,
568 3589 594 3637 t:
613 3576 657 3637 itu
669 3581 724 3651 pir
737 3581 833 3637 τοίνυν
844 3580 892 3637 καί
912 3574 1024 3648 ὀφείλει
1044 3588 1084 3655 τη]
1103 3580 1231 3656 δημοσίῳ
1242 3576 1361 3654 ι’ίριοτο-

242 3669 347 3739 γείτων
366 3710 372 3723 .
388 3713 392 3723 .
408 3709 432 3723 ..
452 3675 586 3740 φανερῶς
606 3664 804 3725 ἐπιδέδεικται.

331 3760 358 3824 7)
376 3756 540 3824 Harpocrat.
560 3773 581 3810 s.
594 3773 621 3809 u.
638 3749 828 3824 χιλιιυθὲνται
848 3757 1019 3822 Λυκοῦργος
1044 3748 1075 3808 ἐν
1099 3758 1140 3826 roi
1162 3747 1225 3808 κατ’
1242 3749 1360 3824 Apsoro-

242 3840 372 3911 γείτονος
390 3835 453 3896 ἄντί
471 3847 523 3896 τοῦ
540 3839 634 3910 χιλίας
653 3833 797 3908 ὀφλόντα,

327 3932 355 3996 t)
373 3927 506 3995 Harpocr.
526 3943 547 3981 s.
560 3943 586 3980 v.
606 3919 752 3996 ἀγραφίου
771 3932 798 3980 et
817 3920 1039 3996 ψευδεγγραφὴι
1060 3966 1104 3977 ...
1123 3922 1173 3979 καί
1191 3928 1362 3995 Λυκοῦργος

242 4007 273 4068 ἕν
291 4019 332 4086 τῷ
350 4006 414 4067 κατ’
427 4006 673 4084 Ἀριστογείτονος.

329 4104 356 4164 d)
374 4099 474 4154 Liban.
493 4115 519 4167 p.
535 4104 596 4153 769:
616 4092 804 4166 Λημοσθένης
817 4094 847 4153 δὲ
861 4093 910 4151 καί
923 4099 1095 4165 Λυκοῦργος
1107 4094 1175 4166 ιτερί
1194 4136 1292 4161 .....
1294 4093 1362 4166 πρὶν

243 4183 272 4240 δὲ
294 4188 430 4253 κριθῆναι
450 4180 482 4238 τὸ
503 4189 631 4255 πρᾶγμα,
650 4176 684 4238 οὐ
703 4178 844 4252 προσήκει
864 4177 959 4251 λέγειν
978 4177 1029 4234 τὸν
1053 4177 1125 4250 τάχα
1144 4179 1260 4245 δικαίως
1283 4176 1363 4250 ε’γγε-

241 4264 408 4339 γραμμένον
427 4268 476 4324 καί
495 4273 608 4339 ψευδοῦς
628 4264 808 4338 ἐγκαλοῦντα
828 4273 868 4340 trgi
883 4265 1050 4337 .’ίρίστωνι.“
