3104 4758
1305 237 1341 298 ii

309 407 442 492 Propter
472 408 605 474 nimium
639 408 783 474 hiatuum
818 428 984 474 nnmerum
1019 407 1084 472 inm
1115 403 1346 489 Denselerus1)

222 512 401 577 orationem
424 531 445 576 ο
469 510 684 577 Demosthene
706 510 912 576 ahindieavit.

227 641 232 654 ·
307 613 441 679 Aooedit
463 633 600 698 magnus
623 633 772 679 numerus
793 613 959 680 verborum
983 609 1265 678 aDemosthenieo
1281 631 1343 676 ser·

222 715 327 780 monis
351 736 410 781 usu
425 715 612 798 alienorum,
635 735 720 798 quse
735 715 930 800 Brauniusp
944 719 1119 796 enumerat,
1142 713 1197 795 qui
1213 712 1343 795 quidem

222 817 377 882 nonnulla
406 818 522 884 reetius
553 819 729 900 omisisset,
759 826 794 884 ut
816 809 1011 903 ἀνίδρυτος,
1034 809 1227 892 ἄσπειστος,
1260 839 1343 899 μιαι-

222 921 335 1001 φονία,
359 920 475 1004 quihus
496 940 690 1005 quemquam
708 921 879 1006 scriptores
894 921 1059 1004 elegentes
1073 919 1172 984 Attiei
1187 919 1345 984 sermonis

221 1043 286 1088 non
308 1023 494 1106 utebantur,
525 1029 632 1090 temen
663 1025 696 1090 in
725 1025 766 1089 iis
794 1045 859 1088 non
889 1024 992 1108 magis
1019 1021 1243 1089 offendendum
1270 1040 1344 1087 esse

223 1131 315 1210 puto,
343 1145 438 1208 qoem
461 1125 494 1190 in
517 1125 622 1192 verbis
647 1125 879 1210 ἐλλεβορίζειν,
902 1120 1141 1210 σπερμολόγος,
1163 1118 1342 1190 ὑποσκελί-

223 1233 302 1310 ζειν,
324 1231 535 1314 περίτριμμα,
557 1229 640 1311 eliis,
662 1249 745 1312 quoe
768 1230 915 1312 leguntur
937 1228 969 1292 in
993 1229 1140 1293 oratione
1161 1227 1203 1292 de
1223 1245 1342 1292 ooronn

223 1330 342 1397 habita.
386 1332 541 1415 Reliquus
558 1340 665 1398 autem
682 1351 832 1400 numerus
848 1339 957 1397 tantus
973 1337 1030 1414 est,
1046 1338 1079 1394 ut
1095 1328 1342 1396 Demosthenem

222 1431 315 1499 huius
338 1434 492 1500 orationis
515 1441 677 1502 auctorem
701 1455 857 1500 essenon
880 1434 921 1499 sit
943 1432 1105 1500 eredibile.

306 1536 476 1602 Notandns
503 1544 552 1604 est
580 1538 678 1604 etiam
704 1537 872 1602 verborum
895 1535 1094 1618 quorundam
1122 1533 1343 1617 neglegentior

221 1658 307 1721 usus,
330 1645 365 1703 ut
386 1643 406 1722 ξ
424 1643 449 1723 1,
472 1642 491 1703 3
514 1647 587 1704 ete:
610 1639 740 1718 ό“ίκιιιοι;
761 1643 831 1722 §22
853 1643 925 1704 τῶν
948 1634 1063 1722 νόμων
1084 1650 1229 1722 κρατεῖν.

306 1741 502 1808 norostaost
514 1742 625 1807 crebra
637 1742 764 1808 iter-ario
776 1740 974 1826 pronominis
989 1729 1090 1816 οὗτος
1105 1743 1145 1822 ee
1166 1745 1211 1806 ιι.
1228 1744 1276 1804 se.
1293 1744 1342 1805 or.

220 1841 379 1928 imprimis
400 1847 489 1926 §862
514 1835 588 1910 ἀλλ’
610 1845 640 1910 oi
660 1841 710 1930 τῴ
733 1869 783 1920 τις
804 1838 825 1929 ἢ
849 1845 946 1925 φίλος
968 1837 987 1928 ἢ
1011 1835 1177 1928 γνώριμός
1199 1841 1290 1908 ἐστιν
1306 1841 1342 1907 ἐν

221 1942 368 2025 τούτοις,
392 1940 438 2023 ὡς
460 1936 545 2032 ὑπὲρ
568 1943 692 2012 τούτου
715 1949 840 2012 τοῦτον
864 1942 1022 2033 προςήκει
1044 1950 1148 2012 τοῦτο
1177 1941 1342 2028 βούλομαι

220 2049 333 2130 δεῖξαι.

305 2151 543 2238 Asyndetorum
554 2156 580 2238 ³)
603 2159 636 2219 ot
657 2153 943 2238 polysyndetorum
954 2152 981 2238 ⁴)
1008 2171 1092 2235 quae
1114 2152 1264 2220 dicuntur
1286 2170 1342 2215 nn-

219 2272 326 2318 merns
348 2273 421 2320 eum
437 2254 564 2320 modum
581 2256 705 2340 transit,
720 2275 812 2338 quem
830 2254 1061 2321 Demosthenes
1077 2273 1204 2339 semper
1220 2261 1342 2335 servet,

218 2355 304 2422 idem
326 2358 368 2423 de
391 2378 450 2424 usu
473 2377 724 2444 synonymorum
748 2359 780 2423 in
803 2359 1034 2424 sententiarum
1059 2356 1261 2423 eonolusione
1277 2355 1340 2421 diei

218 2465 324 2544 potest
334 2460 371 2546 5).

304 2562 406 2628 Venio
429 2563 470 2629 ad
494 2562 721 2630 translationes
743 2583 827 2647 queo
850 2563 1019 2646 dieuntnr,
1042 2581 1127 2645 quae
1153 2562 1187 2628 in
1210 2561 1341 2627 Demos

218 2664 323 2729 thenis
345 2665 542 2730 orationibus
565 2685 660 2732 rarae
682 2677 714 2731 et
736 2665 863 2733 sobriae
886 2671 1031 2749 exstant3
1054 2672 1164 2730 eontra
1186 2663 1340 2747 Aristogi-

219 2767 308 2832 tonia
329 2769 416 2852 prior
437 2774 484 2833 tot
506 2772 625 2833 ettam
647 2788 763 2852 graves
786 2768 915 2834 exhibet
923 2770 959 2853 ⁶),
981 2771 1058 2851 quot
1081 2786 1121 2834 ne
1136 2785 1196 2834 eae
1210 2765 1339 2849 quidem

218 2871 387 2954 oretIones,
399 2871 515 2953 quihus
527 2879 636 2936 orator
648 2871 860 2955 nequissimos
869 2871 956 2936 eires
967 2869 1340 2955 perstringit:Br·eunius
1374 2907 1381 2921 ·

217 2973 250 3038 in
273 2979 341 3038 tote
363 2973 509 3040 oratione
538 2974 579 3039 de
610 2993 727 3040 eoronn
757 2974 904 3040 undeoim
935 2973 1029 3040 modo
1058 2972 1182 3040 invenit
1203 2971 1340 3038 transla-

217 3076 335 3160 tiones,
356 3096 440 3159 queo
463 3075 564 3142 insius
587 3077 805 3161 explicantur,
826 3076 942 3160 viginti
964 3084 1040 3159 tres,
1063 3095 1145 3160 quas
1168 3095 1264 3141 unum
1287 3076 1339 3142 vel

217 3178 281 3244 duo
304 3177 403 3244 verbe
424 3178 574 3245 efficiunt.

302 3280 505 3364 Quamquam
519 3280 599 3348 haee
611 3283 657 3346 ito
668 3288 751 3368 sunt,
767 3282 801 3348 Ο.
811 3282 847 3350 D.
856 3286 893 3350 A.
902 3282 1098 3348 Sohmidtins
1112 3287 1145 3348 et
1156 3281 1194 3347 H.
1203 3281 1339 3348 Weiiius

217 3383 392 3451 orationem
431 3403 452 3448 ο
489 3383 702 3452 Demosthene
734 3385 984 3452 abiudioendam
1021 3405 1093 3452 esse
1131 3392 1339 3469 negaverunt.

216 3489 320 3570 Atque
342 3488 428 3570 quod
451 3489 506 3555 ille
528 3488 605 3554 dieit
631 3510 712 3567 ,non
735 3489 840 3554 minus
862 3495 1023 3556 oratorum
1047 3508 1144 3573 quom
1171 3495 1337 3574 po‘e'tarum

304 3798 330 3864 1)
347 3796 390 3850 De
408 3794 511 3850 hiatu
503 3811 532 3850 m
550 3801 631 3851 orati.
649 3793 711 3852 Art.
729 3812 757 3865 p.
771 3800 826 3851 128.

301 3884 330 3948 2)
347 3881 365 3935 l.
377 3897 401 3936 o.
420 3898 447 3950 p.
460 3887 525 3952 tsq.

301 3971 329 4034 3)
345 3967 483 4022 Breunins
502 3986 529 4038 p.
545 3973 583 4022 15.
620 3967 850 4025 Westermennns
868 3985 896 4038 p.
908 3973 950 4023 99.

302 4057 329 4119 4)
346 4051 486 4107 Braunins
504 4070 531 4123 p.
548 4058 587 4108 15.

301 4141 328 4208 5)
346 4138 484 4193 Braunins
502 4156 529 4208 p.
544 4145 582 4194 15.

300 4229 330 4292 6)
348 4223 578 4280 Westerrnennus
596 4241 623 4294 p.
636 4229 677 4280 99.
712 4224 852 4280 Breunius
870 4243 898 4295 p.
914 4227 1021 4280 11-13,
