3104 4758
1267 225 1308 287 29

188 396 376 480 plerumque
407 396 517 460 decem
551 417 694 478 numero,
732 397 786 478 qui
820 395 912 478 quasi
946 395 1141 479 reipublicae
1177 412 1308 459 causam

188 498 275 582 apud
308 499 430 562 iudices
464 507 573 562 contra
602 519 688 563 rcum
721 498 932 563 defenderent
960 499 1012 582 (ei.
1036 497 1245 562 Schoemann.
1269 497 1309 562 de

188 622 267 667 com.
291 601 572 684 Atlr.p.18tlsq.).
623 599 825 682 Quamquam
857 607 964 664 autem
995 600 1027 664 id
1059 621 1221 683 nunquam
1246 599 1310 664 iao-

187 712 253 767 tum
277 711 333 781 est,
357 702 383 765 si
407 706 477 784 quis
501 723 558 786 per
581 699 731 784 ἔνδειξιν,
756 722 820 783 qua
838 702 966 767 actione
982 701 1060 767 liaeo
1076 703 1178 766 oratio
1193 703 1312 767 Aristo-

187 807 310 888 gitonia
341 806 517 870 habebatur
528 807 563 886 ¹),
595 814 765 871 accusatus
795 812 879 885 erat,
913 811 1022 869 tamen
1046 805 1123 868 dicit
1148 813 1253 870 orator
1276 826 1311 870 se

189 927 209 1000 a
239 909 356 992 populo
389 903 579 993 συνήγορον
609 909 743 972 electum
775 907 882 990 essai)
926 908 998 972 Non
1028 907 1088 972 fuit
1110 908 1190 974 haec
1213 929 1311 974 causa

189 1011 421 1092 Aristogitonia
463 1010 718 1074 extraordinaria
762 1029 866 1092 neque
903 1009 1038 1075 deerant
1074 1017 1180 1075 certae
1216 1011 1313 1094 leges,

188 1112 360 1176 secundum
385 1132 465 1194 quus
488 1111 527 1177 de
550 1132 590 1176 ea
613 1111 747 1176 iudicari
770 1119 886 1196 posset.

276 1213 397 1291 Quibus
428 1235 467 1278 cx
496 1214 653 1296 arrgustiis
675 1223 709 1277 ut
732 1235 767 1278 sc
789 1215 954 1297 expediat,
983 1214 1142 1279 Braunius
1166 1216 1312 1297 statuit³l

188 1316 340 1401 populum
371 1323 437 1380 tum
469 1337 489 1378 a
520 1315 613 1380 solito
644 1317 790 1398 iustoque
824 1315 988 1381 iudicandi
1024 1337 1109 1382 more
1143 1318 1312 1382 recessisse

188 1427 221 1484 et
250 1419 313 1483 ‹luo
345 1439 514 1483 causarum
545 1438 665 1500 genera
688 1437 745 1502 per
768 1439 802 1482 se
825 1419 953 1483 diversa
975 1418 1163 1485 confudisse.
1207 1418 1312 1497 Quam

189 1523 379 1586 sententiam
412 1540 474 1604 quo
507 1521 611 1604 magis
641 1521 815 1603 confirmet,
852 1521 945 1587 affert
971 1522 1151 1606 exemplum
1175 1521 1314 1587 iniustae

192 1632 304 1690 contra
326 1645 382 1689 sex
406 1625 617 1708 imperatores
640 1623 712 1706 litis,
736 1625 790 1706 qui
813 1634 941 1709 pugnae
963 1624 1006 1689 ad
1021 1625 1217 1708 Arginussas
1233 1645 1316 1691 com·

190 1727 309 1791 missae
333 1726 557 1803 interfuerant;
581 1746 645 1808 qna
669 1727 701 1789 in
724 1746 823 1791 causa
845 1726 947 1790 solnm
967 1727 1129 1791 Socratem
1154 1727 1315 1793 exstitisse

189 1837 222 1895 et
252 1837 362 1893 contra
395 1828 483 1912 leges
515 1849 585 1894 sese
608 1836 751 1894 acturum
776 1848 928 1912 negasse3
961 1835 1105 1895 oratores
1128 1838 1234 1896 autem
1259 1851 1315 1914 pa-

189 1938 277 1996 ratos
308 1931 407 1996 fuisse
438 1932 480 1995 ad
512 1951 582 1996 eum
618 1932 834 1996 accusandum
866 1938 897 1996 et
926 1931 1078 2016 populum
1109 1932 1143 1996 id
1176 1932 1316 1998 iussisse.

190 2033 283 2098 Hunc
314 2033 423 2117 populi
457 2053 622 2098 assensum
656 2033 813 2098 Braunius
843 2040 1009 2117 comparat
1040 2043 1108 2098 cnm
1143 2035 1195 2118 iis,
1232 2055 1315 2116 qnae

190 2143 297 2201 orator
331 2137 423 2200 huius
457 2136 611 2200 orationis
641 2137 681 2201 de
711 2156 746 2202 se
776 2143 910 2219 patrono
942 2136 1052 2221 populi
1082 2136 1167 2202 dicit.
1211 2137 1316 2202 liores

191 2237 433 2303 Atheniensium
473 2239 547 2302 inde
585 2259 605 2302 a
643 2237 725 2303 bello
761 2239 1034 2322 Peloponnesiaco
1073 2239 1119 2303 ita
1146 2239 1316 2305 effrenatos

190 2361 275 2424 esse,
307 2349 343 2404 nt
372 2358 513 2406 vetorum
545 2341 689 2406 instituta
720 2343 870 2424 legesque
893 2341 999 2424 magis
1021 2341 1188 2424 magisque
1212 2343 1316 2424 negle-

192 2450 303 2525 gerent
333 2444 441 2528 (lsocr.
465 2465 489 2508 c.
513 2443 637 2508 Callim.
666 2441 748 2528 ξξέ.
768 2447 818 2508 10:
848 2436 962 2508 πολλὰ
990 2434 1082 2529 παρὰ
1112 2436 1249 2530 γνώμην
1280 2443 1317 2508 ίν

190 2559 263 2622 τοῖς
297 2547 521 2632 δικαστηρίοις
553 2538 729 2625 ἀποβαίνει
763 2546 818 2610 καὶ
852 2536 904 2612 ὅτι
937 2541 1019 2630 τύχῃ
1051 2549 1181 2630 μᾶλλον
1214 2541 1236 2631 ἥ
1268 2570 1317 2632 τῳ

194 2649 313 2734 δικαίῳ
331 2649 480 2730 κρίνεται
496 2641 538 2712 τὰ
552 2639 742 2732 παρἼιμῖν).
778 2647 992 2726 Quamobrem
1016 2670 1078 2713 non
1102 2669 1172 2714 esse
1196 2649 1318 2730 mirum,

87 2794 92 2801 ·
193 2753 280 2835 quod
309 2752 447 2837 populus
476 2751 590 2836 plenus
612 2751 678 2815 odii
702 2751 857 2816 adversus
880 2751 1143 2834 Aristogitonem,
1177 2751 1317 2833 quinon

194 2847 288 2918 modo
319 2853 463 2918 lronrines
492 2854 532 2917 de
564 2853 655 2938 plebe
685 2859 868 2935 vexaverat,
899 2853 1077 2918 sedetiam
1101 2854 1318 2918 nobilissimos

195 2957 280 3021 viros
303 2957 485 3022 accusando
509 2956 684 3021 insectatus
706 2963 785 3040 erat,
807 2955 925 3020 iustum
949 2956 1093 3020 ordinem
1113 2963 1145 3020 et
1160 2955 1317 3020 rationem

99 3127 109 3145 ,
194 3068 261 3125 tum
292 3079 418 3142 quoque
448 3058 666 3143 interpellarit.
718 3058 798 3123 Cum
829 3059 997 3142 Lycurgus
1028 3079 1085 3142 per
1115 3054 1255 3139 ἔνδειξιν
1284 3077 1319 3123 se

194 3162 283 3227 illum
315 3170 539 3227 accusaturum
573 3161 736 3244 professus
769 3167 868 3242 esset,
906 3161 1057 3245 populum
1092 3180 1183 3224 suam
1218 3161 1319 3245 ipsius

196 3285 324 3330 causam
349 3285 419 3330 cum
444 3265 588 3348 Lycurgo
612 3264 864 3328 communicasse
891 3263 985 3345 eique
1006 3261 1209 3347 εἰσαγγελίας
1233 3282 1318 3327 more

195 3374 349 3452 patronos
371 3366 538 3430 addidisse
561 3366 604 3430 ad
627 3364 808 3449 augendam
833 3365 1048 3430 accusationis
1070 3364 1169 3431 vim„

284 3470 331 3535 Ne
361 3469 393 3533 in
426 3469 485 3534 hac
515 3469 644 3552 quidem
672 3489 707 3534 re
737 3467 876 3532 Braunio
907 3455 1056 3532 assentiri
1089 3487 1226 3552 possum.
1282 3468 1319 3531 In

198 3572 254 3638 illa
283 3573 366 3636 enim
398 3580 508 3637 contra
538 3591 594 3637 sex
624 3572 833 3656 imperatores
863 3591 961 3635 cansa
992 3572 1129 3654 populus
1156 3570 1318 3636 Socratem

198 3677 340 3740 accusari
364 3676 463 3755 iussit,
493 3675 679 3759 priusquam
704 3675 787 3738 actio
811 3679 898 3738 certa
920 3673 1067 3737 instituta
1089 3678 1182 3754 esset,
1204 3673 1236 3736 in
1259 3672 1319 3736 hac

198 3798 275 3844 vero
304 3797 404 3843 cansa
434 3776 666 3860 Aristogitonis
689 3777 855 3860 Lycurgus
885 3795 973 3840 reum
1005 3775 1070 3838 iam
1099 3794 1155 3858 per
1179 3772 1320 3856 ἔνδειξιν

288 3947 475 4016 1ΗΙιιηιοοι.;
504 3944 606 4000 πολλοί
624 3941 678 4013 μίν
698 3942 751 3999 είοι
772 3941 856 4014 λόγοι
877 3939 1032 4008 ἐνδείξεως,
1058 3941 1270 4014 γνωριμότατοι
1290 3942 1320 4000 δὲ

199 4029 227 4088 ol
247 4019 311 4088 κατ’
323 4027 564 4104 ε’ίριστογείτονος
580 4027 793 4101 Λημοσθένους.

286 4124 313 4179 'll
330 4137 369 4172 or.
387 4121 451 4173 adv.
470 4119 518 4171 Ar.
532 4119 552 4181 l,
571 4120 639 4188 513.

286 4211 315 4273 3)
331 4221 358 4274 p.
372 4211 412 4258 lu.
