3104 4758
256 238 297 300 34

255 406 448 492 pularitatis,
470 427 568 491 „quoe
590 426 652 473 non
676 407 781 473 minus
798 408 831 473 in
848 407 1022 491 sententiis,
1044 407 1250 491 argumentis,
1271 426 1378 474 errem-

256 510 328 594 plis‚
350 509 645 594 comparationibus
667 530 706 575 en
729 511 815 576 vitae
838 532 897 577 usu
920 511 1042 595 petitis,
1065 529 1161 592 qnam
1184 510 1215 575 in
1239 510 1378 578 dictione

257 620 288 677 ct
310 614 417 678 verbis
440 619 639 695 cernuntur“;
662 614 745 696 quod
769 614 853 678 idom
877 613 940 678 dici
963 620 1068 697 potest
1090 613 1131 678 de
1147 613 1291 677 oratione
1308 613 1377 698 Ηγ-

256 715 388 799 periden
403 709 487 800 ὑπὲρ
504 706 725 797 Εὐξενίππου
747 723 857 780 nostra
873 715 1027 780 memoria
1042 722 1177 800 reperta.
1222 714 1264 780 Ut
1279 716 1378 797 igitur

257 819 358 883 oratio
382 837 486 901 neque
508 818 734 883 Demosthenis
757 837 861 901 neque
882 817 1020 883 rhetoris
1043 818 1179 883 alicuius
1210 838 1291 902 opus
1320 825 1378 900 est,

255 920 301 985 ita
323 921 498 1005 Hyperidis
529 941 601 986 cam
632 939 703 986 esse
725 940 856 986 necesse
883 927 948 1000 est,
980 919 1070 986 cuins
1100 921 1204 986 faceta
1227 926 1259 986 et
1280 921 1377 986 dicax

256 1030 288 1090 et
310 1025 473 1108 popularis
495 1023 648 1089 facundia
671 1023 766 1088 facile
788 1023 934 1092 cernitur.

340 1126 432 1190 Hane
456 1124 568 1190 Cobeti
590 1125 785 1190 sententiam
807 1125 960 1191 refutavit
980 1126 1073 1190 Hem.
1088 1125 1221 1190 Weilius
1233 1127 1265 1210 ¹),
1288 1126 1379 1190 ouius

256 1229 388 1293 afferam
411 1234 611 1310 argumenta.
657 1226 902 1294 Concedendum
923 1234 972 1293 est
987 1227 1092 1292 inesse
1108 1227 1140 1292 in
1156 1226 1378 1293 honoratione

255 1331 426 1410 nonnulla,
456 1350 539 1412 quae
567 1349 638 1394 cum
666 1330 841 1414 Hyperidis
863 1330 970 1396 indole
992 1329 1205 1412 consentiant,
1231 1331 1378 1396 similitu·

256 1434 362 1499 dinem
386 1433 551 1514 quandam
574 1432 771 1498 intercedere
794 1433 876 1498 inter
903 1432 1031 1497 initium
1054 1432 1146 1497 buius
1168 1433 1323 1498 orationis
1345 1441 1379 1498 ct

255 1535 410 1600 orationis
443 1535 690 1618 Euxenippeae:
721 1534 858 1616 Aristog.
889 1539 951 1611 §iz
976 1529 1084 1599 Πάλαι
1114 1531 1321 1619 καθήμενος,
1350 1527 1379 1598 ὦ

256 1630 374 1722 ἄνδρες
389 1637 552 1714 δικασταί,
569 1638 622 1701 καί
640 1639 913 1722 κατηγοροῦντος
930 1627 1066 1702 ἄκου’ων
1091 1689 1120 1701 ..
1139 1689 1144 1700 .
1166 1633 1378 1722 Λυκούργου,

257 1737 382 1824 τὰμὲν
414 1734 501 1805 ἄλλα
532 1742 642 1817 καλῶς
663 1729 771 1803 αὐτὸν
799 1733 953 1824 ἡγούμην
979 1739 1098 1822 λέγειν,
1126 1737 1163 1804 ἓν
1193 1739 1229 1804 δὲ
1255 1735 1378 1804 τεθαύ-

257 1866 348 1926 μακα
372 1894 463 1921 ....,
487 1832 656 1925 εἰαῗγνοεί,
679 1832 740 1906 ὅτι.
759 1893 764 1905 .
784 1893 814 1906 ..

342 1946 520 2029 Huxcnipp.
547 1942 611 2029 §lz
640 1934 712 2008 ἀλλ’
742 1939 858 2028 ἔγωγε,
890 1929 918 2008 ὦ
948 1937 1064 2030 ἄνδρες
1092 1945 1261 2025 δικασταί,
1291 1937 1378 2030 ὅπερ

254 2047 310 2111 καὶ
334 2043 420 2132 ιιρδς
447 2039 530 2125 τοίς
560 2046 867 2132 παρακαθημένους
894 2037 1016 2132 ἀρτίως
1047 2043 1173 2131 έλεγον,
1202 2043 1379 2131 θαυμάζω,

254 2149 282 2214 εί
305 2147 349 2237 μὴ
371 2151 610 2234 προςὶοτανται
632 2144 695 2236 leq
718 2143 803 2232 ὑμῖν
821 2147 855 2214 αἱ
877 2153 1031 2215 τοιαῦται
1054 2149 1258 2234 εἰσαγγελίαι.

341 2253 404 2319 Sed
429 2253 605 2338 Hyperidis
627 2271 728 2335 genus
750 2252 878 2318 dicendi
907 2272 970 2317 non
1000 2254 1032 2317 in
1056 2259 1123 2318 tota
1145 2254 1291 2319 oratione
1314 2274 1379 2320 cer-

254 2355 348 2422 nitur.
398 2355 537 2421 Facetae
568 2354 697 2438 quidem
728 2354 837 2420 insunt
868 2356 1076 2438 sententiares
1094 2375 1176 2439 quae
1203 2356 1379 2441 Hyperidis

253 2464 346 2524 erant
369 2459 526 2542 propriae,
549 2457 606 2524 sed
629 2457 716 2524 aliae
737 2457 800 2522 hae
823 2464 897 2523 sunt
919 2458 1065 2539 facetiae,
1087 2458 1173 2524 aliae
1192 2459 1378 2544 Hyperidis.

253 2560 358 2626 Huius
380 2567 473 2626 erant
494 2560 602 2628 laetae
624 2579 695 2624 cum
719 2565 889 2626 venustate
911 2566 943 2627 et
957 2561 1064 2643 gratia
1079 2560 1283 2644 coniunctam
1306 2582 1378 2627 ora-

253 2665 350 2728 tionis
371 2663 622 2745 Aristogitoniae
652 2669 764 2727 auctor
785 2662 910 2734 facetus
932 2669 981 2728 est
1004 2683 1075 2729 oum
1099 2664 1290 2746 acerbitate,
1312 2685 1377 2730 non

253 2765 353 2832 laedit
382 2783 487 2848 reum,
518 2764 574 2829 scd
605 2763 755 2849 percellit.
811 2765 911 2830 Multo
941 2765 1085 2850 pluribus
1108 2785 1185 2830 voro
1206 2766 1285 2831 locis
1307 2786 1379 2832 ora·

255 2867 352 2933 tionis
375 2868 523 2941 cernitur,
537 2865 709 2932 vehemens
731 2867 862 2950 quidam
887 2868 985 2934 ardor
1007 2869 1189 2951 accusandi,
1212 2889 1308 2953 quum
1331 2870 1379 2936 fa-

254 2970 372 3053 cetiae,
404 2970 438 3034 id
467 2969 551 3052 quod
581 2970 646 3033 iam
677 2969 896 3052 Hermogenes
928 2969 1173 3053 animadvertit,
1204 2972 1259 3054 qni
1283 2971 1377 3037 dicit:

253 3065 549 3157 παράδειγμα...
583 3063 817 3156 σφοδρότητος
855 3069 974 3157 σχεδὸν
1010 3072 1070 3158 μὲν
1106 3064 1194 3152 ἅπας
1231 3067 1250 3137 ὃ
1289 3071 1378 3140 κατὰ

252 3167 529 3260 Ἀριστογείτονος
564 3178 627 3240 τοῦ
665 3174 899 3261 Δημοσθένους
935 3170 1034 3258 λόγος
1044 3177 1080 3259 ²).
1137 3177 1174 3240 In
1211 3177 1378 3262 Hyperide

130 3344 134 3353 ,
252 3296 337 3360 vero,
359 3278 413 3342 illo
430 3276 580 3363 Phrynae
602 3278 780 3358 defensore,
802 3278 874 3362 plus
896 3277 1091 3343 urbanitatis
1112 3285 1191 3362 erat,
1214 3298 1310 3361 quum
1327 3301 1378 3346 ar-

252 3379 348 3446 doris.
397 3379 567 3446 Notandae
596 3385 765 3463 praeterea
796 3385 870 3444 sunt
902 3378 1042 3446 audaces
1064 3380 1141 3445 illuc
1154 3387 1195 3446 et
1217 3381 1378 3466 superbae

253 3483 481 3548 translationes
508 3489 539 3549 ct
569 3481 842 3565 comparationes,
879 3483 1038 3548 contentio
1067 3483 1123 3547 illa
1160 3483 1193 3548 in
1224 3483 1377 3551 diceudo:

253 3575 325 3670 οὐχὶ
347 3585 474 3664 παιδία,
499 3576 574 3669 οδχὶ
594 3585 738 3670 μητέρας
760 3588 833 3651 τῶν
855 3585 1064 3671 κρινομένων
1080 3584 1181 3652 ἐνίων
1196 3590 1297 3672 γραῦς
1311 3611 1378 3653 τια-

253 3683 422 3772 ρεοτοίοας
445 3681 534 3772 ὁρῶν
556 3675 658 3764 οὗτος
679 3679 780 3772 η’ίέοι.
815 3682 885 3754 εἶτα
908 3689 962 3754 σοὶ
989 3685 1166 3774 συγγνώμη
1174 3715 1186 3766 ;
1214 3675 1328 3756 πόθεν
1353 3683 1377 3776 ἢ

251 3786 344 3875 παρὰ
366 3793 445 3864 noim
475 3782 589 3875 ἢτοίς
611 3802 682 3867 οοῑς
702 3789 852 3868 τιαιδίοις
874 3786 986 3869 ἔλεος;
1014 3795 1150 3856 πολλοῦ
1178 3814 1214 3876 γε
1237 3793 1293 3859 καὶ
1316 3793 1376 3858 δεῖ.

253 3889 293 3957 οὐ
315 3889 377 3958 τὸν
402 3891 447 3970 είς
468 3895 576 3957 ταῦτα
599 3889 695 3957 dison
717 3892 944 3977 προδέδωκας,
961 3883 1088 3978 Zoton„
1109 3897 1243 3978 μᾶλλον
1263 3886 1378 3982 δ’ἇνή-

251 4047 455 4058 ——

339 4132 364 4195 ι)
382 4147 409 4198 p.
425 4134 453 4183 11
467 4144 508 4199 sq.

335 4218 363 4282 2)
379 4214 570 4285 Hermogenes
588 4232 617 4268 τι.
639 4210 672 4270 ίδ.
692 4219 707 4270 8
725 4232 753 4285 p.
767 4219 824 4272 240.
