3104 4758
1270 229 1311 320 τι

188 449 291 515 ρηκας
323 417 417 504 ὅλως.
451 424 496 513 μὴ
531 422 571 514 66
602 419 688 512 πρὸς
715 420 775 503 οὓς
805 418 906 504 αὐτὸς
937 425 1063 510 ἐ’χωοας
1092 427 1225 511 λιμένας
1255 428 1311 492 καὶ

187 526 371 617 προβόλων
395 529 594 616 ἐνέπλησας,
627 526 713 617 ιιρδς
740 521 884 607 τούτους
909 530 1153 616 προςυρμλζου·
1182 522 1310 614 οὐγὰρ

189 633 322 698 δίκαιον
344 630 377 719 (6
394 633 468 718 84).Ᾰ

277 731 392 821 Τούτῳ
414 726 443 801 δ’
456 727 615 801 οὐδένα
601 739 672 820 ορω
693 739 764 800 τῶι
778 730 896 800 τόιιων
910 730 1044 801 τούτων
1060 731 1201 819 βάσιμον
1217 729 1310 814 ὄντα,

186 827 274 904 ἀλλὰ
295 834 411 904 πάντα
434 829 642 936 ἀπόκρημνα,
666 833 848 923 φάραγγας,
872 833 1028 923 βάραθρα
1051 837 1084 922 (ξ
1101 837 1164 921 76).

276 943 311 1006 Α
334 941 449 1023 quihus
484 943 612 1005 omuino
644 932 816 1006 abhorrent
849 960 932 1022 quae
963 941 1138 1025 Dionysius
1167 941 1310 1005 Halicar-

186 1043 364 1124 nassensis,
393 1042 626 1127 Quintilianus,
652 1043 709 1108 alii
740 1042 780 1107 de
810 1043 984 1127 Hyperidis
1015 1043 1122 1108 indole
1156 1043 1310 1106 iudicant.

187 1145 365 1230 Dionysius
380 1145 544 1212 Halicarn.
566 1146 637 1210 Diu
661 1165 685 1210 c
701 1145 776 1210 Vll:
804 1148 868 1230 Τῆς
889 1145 953 1262 μὲν
974 1146 1094 1228 λέξεως
1116 1169 1156 1211 το
1146 1141 1309 1230 ἰσχυρόν

187 1247 329 1330 (Reisk.r
352 1244 491 1369 ἰσχνόν),
502 1251 586 1367 τῆς
620 1248 656 1314 δὲ
691 1249 882 1325 συνθέσεως
916 1243 957 1314 τὸ
995 1243 1140 1327 ἑαιλούν,
1170 1251 1242 1313 τῶν
1275 1248 1310 1314 δὲ

108 1359 110 1365 ’
186 1345 394 1435 πραγμάτων
415 1347 456 1416 τό
479 1342 647 1466 εὐκαιρον,
669 1354 730 1436 τῆς
753 1350 788 1416 δὲ
811 1353 1015 1464 κατασκευῆς
1034 1348 1073 1415 τὸ
1088 1347 1132 1436 μὴ
1149 1347 1310 1435 τραγικὸν

185 1452 267 1539 μηδὲ
290 1445 467 1538 όγκωδες“.

272 1554 490 1633 Quintilianus
519 1557 591 1621 inst
618 1563 698 1621 urat.
726 1557 765 1622 X.
791 1561 815 1623 l.
836 1559 889 1620 77:
925 1556 1098 1634 ,Dulcis
1088 1557 1248 1641 1mprimis
1278 1563 1310 1622 et

186 1666 301 1722 acutus
323 1658 512 1775 H6perides,
534 1658 590 1724 sed
613 1659 792 1723 minorihus
815 1658 928 1736 causis
954 1665 1073 1723 utnon
1096 1659 1230 1724 dixerim
1253 1658 1310 1723 uti-

186 1761 254 1845 lior,
277 1760 381 1843 magis
400 1781 470 1844 par.

275 1864 357 1949 Περὶ
388 1857 500 1949 ὕψους
529 1885 554 1931 r
575 1867 667 1930 34:-.
685 1865 798 1930 ..καὶ
823 1856 884 1950 γάρ
913 1869 1009 1930 λαλεῖ
1032 1861 1115 1948 μετὰ
1145 1803 1309 1946 ἀφελείας,

186 1964 271 2032 ἔνθα
298 1961 411 2051 χρή,.
453 1963 524 2032 ,τό
560 1991 594 2032 τε
631 1959 806 2052 6666st
791 1990 854 2050 εχει
890 1962 975 2051 μετὰ
1008 1962 1216 2088 γλυκύτητος
1246 1961 1308 2054 666

187 2072 286 2146 λιτῶς
303 2065 603 2193 ὲμηδυνόμον.
618 2065 823 2196 ,σκώμματα
838 2061 900 2135 οὐκ
918 2064 1046 2190 άμουοα
1062 2061 1170 2135 οὐδ’
1150 2065 1309 2154 ανάγωγα

186 2223 241 2238 ...
267 2161 434 2256 άμίμητον
457 2172 493 2238 δὲ
515 2173 620 2238 εἰπεῖν
643 2169 682 2238 τδ
706 2172 742 2238 ἐν
764 2176 847 2239 πᾶσι
869 2168 1004 2250 τούτοις
1027 2168 1269 2259 ἐπαφρόδιτον.-

270 2274 414 2353 Accedit,
446 2275 531 2357 quod
562 2275 653 2341 multi
685 2282 818 2342 veteres
839 2276 938 2340 critici
968 2276 1142 2361 Hyperidis
1168 2274 1308 2341 indolem

184 2383 385 2460 agnoverunt
411 2379 444 2442 in
472 2379 688 2463 compluribus
718 2378 943 2445 Demosthenis
972 2379 1188 2459 orationihus,
1214 2398 1308 2444 nemo

184 2480 216 2544 in
239 2480 384 2546 oratione
405 2481 636 2565 Aristogitonis
647 2503 661 2566 ;·
682 2488 796 2547 contra*
820 2483 852 2546 in
880 2483 940 2546 hac
964 2485 1108 2546 oratione
1131 2482 1308 2547 sententias

184 2588 215 2648 et
238 2581 465 2648 translationes
487 2583 648 2649 iuvenisse
671 2583 731 2648 sibi
756 2583 962 2667 videbantur,
990 2603 1074 2667 quae
1102 2603 1166 2648 non
1197 2583 1309 2648 abhor-

183 2690 290 2750 rerent
316 2685 358 2748 ab
384 2685 492 2750 indole
520 2691 619 2768 atque
648 2693 717 2751 arte
747 2686 903 2770 Lycurgi,
932 2687 986 2769 qui
1010 2685 1185 2770 Hyperidis
1215 2682 1308 2749 dississ

185 2785 339 2852 millimus
361 2795 418 2854 est.
470 2788 582 2854 Libau.
598 2809 741 2872 argum:
769 2786 801 2854 oi
825 2789 861 2854 66
888 2806 967 2871 φασι
992 2787 1145 2875 ἐπίτηδες
1167 2781 1229 2852 τὸν
1253 2783 1304 2874 ῥή·
1417 2803 1420 2810 ·

185 2912 269 2974 τορα
293 2885 440 2976 τοιούτῳ
454 2893 639 2976 χαρακτῆρι
655 2893 849 2977 κεχρῆσθαι,
873 2883 1093 2977 ζηλώοταντα
1108 2893 1310 2974 Λυκοῦργον

185 2986 431 3077 εὐδοκιμοῦντα
468 2989 558 3079 παρὰ
594 3006 665 3071 τοῖς
693 2985 890 3079 Ἀθηναίοις.
949 2993 1052 3059 Schcl.
1088 2999 1127 3059 ad
1160 2993 1308 3076 Hermcg.

185 3103 204 3158 t.
225 3095 284 3160 Vll
307 3116 340 3180 p.
359 3099 439 3159 1044
463 3095 572 3161 Waln:
593 3092 656 3162 τὸν
678 3088 881 3181 Λυκούργου
902 3099 1094 3181 χαρακτῆρα
1118 3091 1310 3179 ἐμιμήσατο.

184 3211 327 3283 τροπαῖς
348 3200 403 3263 καλ
427 3194 574 3283 γνώμαις
595 3194 767 3284 χρώμενος
789 3198 826 3264 ἐν
848 3202 897 3286 τῷ
920 3190 1306 3284 κατάΆριστογείτονος.

275 3506 354 3573 Dum
386 3507 484 3589 igitur
511 3507 666 3572 orationis
689 3513 803 3573 auctor
825 3524 928 3589 neque
951 3505 1183 3573 Demosthenes
1204 3524 1309 3588 neque

185 3615 292 3674 orator
308 3608 463 3691 aequalis
486 3628 556 3675 esse
579 3611 696 3694 possit,
726 3611 758 3674 in
790 3628 889 3675 causa
917 3609 975 3675 illa
998 3609 1230 3693 Aristogitonia
1252 3608 1308 3673 ha-

183 3709 252 3776 hita
275 3730 347 3776 esse
368 3710 497 3776 omnino
520 3731 583 3777 non
608 3717 725 3796 potest,
753 3712 811 3778 sed
839 3711 882 3777 ab
904 3711 1031 3777 rhetore
1053 3711 1162 3795 eliquo
1185 3711 1237 3776 vel
1259 3730 1307 3775 so·

182 3811 292 3898 phista
315 3812 496 3898 conscripta
518 3819 575 3879 est.
620 3814 688 3878 Hoc
711 3814 736 3880 si
761 3813 977 3898 statuerimm,
1001 3815 1118 3898 omnia,
1140 3811 1308 3896 inquibus

183 3913 391 4001 offeridimus,
413 3915 582 4001 explanari
610 3923 759 4001 possunt:
788 3917 950 3983 cantilena
973 3918 1029 3983 illa
1052 3922 1085 3982 et
1106 3914 1308 3982 definitiones

183 4019 288 4103 magis
316 4018 577 4105 philosophorum
609 4037 706 4102 quam
730 4025 892 4086 oratorum
916 4040 1003 4086 more
1026 4019 1143 4103 dictae,
1161 4017 1305 4084 studium

182 4121 262 4188 illud
292 4121 517 4188 Demosthenis
549 4129 650 4188 artem
680 4128 713 4189 et
744 4143 847 4206 genus
877 4123 1004 4189 dicendi
1035 4121 1202 4205 imitandi,
1225 4121 1307 4206 alim

184 4243 290 4309 neque
327 4243 411 4309 quae
443 4226 485 4293 de
523 4225 752 4292 consuetudine
792 4225 980 4292 iudiciorum
1019 4229 1308 4292 commemorantur·

1067 4343 1104 4397 3*
